@IEEEtranBSTCTL{bstctl:etal,
  CTLuse_forced_etal = {yes},
  CTLmax_names_forced_etal = {5},
}

@IEEEtranBSTCTL{bstctl:nodash,
  CTLdash_repeated_names = {no},
}

@IEEEtranBSTCTL{bstctl:simpurl,
}

%%%%%%%%%%%%%%%%%%%%%%%%%%%%%%%%%%%%%%%%%%%%%%%%%%%%%%%%%%%%%%%%%%%%%%%%%%%%%%%%%%%%%%%%%%%%%%%%%%%%%%%%%%%%%%%%%%%%%%%%%%%%%%%%%%%%%%%%%%%%%%%%%%%%%%%%%%%%%%%%%%%
%%%%%%%%%%%%%%%%%%%%%%%%%%%%%%%%%%%%%%%%%%%%%%%%%%%%%%%%%%%%%%%%%%%%%%%%%%%%%%%%%%%%%%%%%%%%%%%%%%%%%%%%%%%%%%%%%%%%%%%%%%%%%%%%%%%%%%%%%%%%%%%%%%%%%%%%%%%%%%%%%%%
%%%%%%%%%%%%%%%%%%%%%%%%%%%%%%%%%%%%%%%%%%%%%%%%%%%%%%%%%%%%%%%%%%%%%%%%%%%%%%%%%%%%%%%%%%%%%%%%%%%%%%%%%%%%%%%%%%%%%%%%%%%%%%%%%%%%%%%%%%%%%%%%%%%%%%%%%%%%%%%%%%%
%%%%%%%%%%%%%%%%%%%%%%%%%%%%%%%%%%%%%%%%%%%%%%%%%%%%%%%%%%%%%%%%%%%%%%%%%%%%%%%%%%%%%%%%%%%%%%%%%%%%%%%%%%%%%%%%%%%%%%%%%%%%%%%%%%%%%%%%%%%%%%%%%%%%%%%%%%%%%%%%%%%
%%%%%%%%%%%%%%%%%%%%%%%%%%%%%%%%%%%%%%%%%%%%%%%%%%%%%%%%%%%%%%%%%%%%%%%%%%%%%%%%%%%%%%%%%%%%%%%%%%%%%%%%%%%%%%%%%%%%%%%%%%%%%%%%%%%%%%%%%%%%%%%%%%%%%%%%%%%%%%%%%%%
%%%%%%%%%%%%%%%%%%%%%%%%%%%%%%%%%%%%%%%%%%%%%%%%%%%%%%%%%%%%%%%%%%%%%%%%%%%%%%%%%%%%%%%%%%%%%%%%%%%%%%%%%%%%%%%%%%%%%%%%%%%%%%%%%%%%%%%%%%%%%%%%%%%%%%%%%%%%%%%%%%%
%%%%%%%%%%%%%%%%%%%%%%%%%%%%%%%%%%%%%%%%%%%%%%%%%%%%%%%%%%%%%%%%%%%%%%%%%%%%%%%%%%%%%%%%%%%%%%%%%%%%%%%%%%%%%%%%%%%%%%%%%%%%%%%%%%%%%%%%%%%%%%%%%%%%%%%%%%%%%%%%%%%
%%%%%%%%%%%%%%%%%%%%%%%%%%%%%%%%%%%%%%%%%%%%%%%%%%%%%%%%%%%%%%%%%%%%%%%%%%%%%%%%%%%%%%%%%%%%%%%%%%%%%%%%%%%%%%%%%%%%%%%%%%%%%%%%%%%%%%%%%%%%%%%%%%%%%%%%%%%%%%%%%%%
%%%%%%%%%%%%%%%%%%%%%%%%%%%%%%%%%%%%%%%%%%%%%%%%%%%%%%%%%%%%%%%%%%%%%%%%%%%%%%%%%%%%%%%%%%%%%%%%%%%%%%%%%%%%%%%%%%%%%%%%%%%%%%%%%%%%%%%%%%%%%%%%%%%%%%%%%%%%%%%%%%%
%%%%%%%%%%%%%%%%%%%%%%%%%%%%%%%%%%%%%%%%%%%%%%%%%%%%%%%%%%%%%%%%%%%%%%%%%%%%%%%%%%%%%%%%%%%%%%%%%%%%%%%%%%%%%%%%%%%%%%%%%%%%%%%%%%%%%%%%%%%%%%%%%%%%%%%%%%%%%%%%%%%
%%%%%%%%%%%%%%%%%%%%%%%%%%%%%%%%%%%%%%%%%%%%%%%%%%%%%%%%%%%%%%%%%%%%%%%%%%%%%%%%%%%%%%%%%%%%%%%%%%%%%%%%%%%%%%%%%%%%%%%%%%%%%%%%%%%%%%%%%%%%%%%%%%%%%%%%%%%%%%%%%%%
%%%%%%%%%%%%%%%%%%%%%%%%%%%%%%%%%%%%%%%%%%%%%%%%%%%%%%%%%%%%%%%%%%%%%%%%%%%%%%%%%%%%%%%%%%%%%%%%%%%%%%%%%%%%%%%%%%%%%%%%%%%%%%%%%%%%%%%%%%%%%%%%%%%%%%%%%%%%%%%%%%%
%%%%%%%%%%%%%%%%%%%%%%%%%%%%%%%%%%%%%%%%%%%%%%%%%%%%%%%%%%%%%%%%%%%%%%%%%%%%%%%%%%%%%%%%%%%%%%%%%%%%%%%%%%%%%%%%%%%%%%%%%%%%%%%%%%%%%%%%%%%%%%%%%%%%%%%%%%%%%%%%%%%
%%%%%%%%%%%%%%%%%%%%%%%%%%%%%%%%%%%%%%%%%%%%%%%%%%%%%%%%%%%%%%%%%%%%%%%%%%%%%%%%%%%%%%%%%%%%%%%%%%%%%%%%%%%%%%%%%%%%%%%%%%%%%%%%%%%%%%%%%%%%%%%%%%%%%%%%%%%%%%%%%%%
%%%%%%%%%%%%%%%%%%%%%%%%%%%%%%%%%%%%%%%%%%%%%%%%%%%%%%%%%%%%%%%%%%%%%%%%%%%%%%%%%%%%%%%%%%%%%%%%%%%%%%%%%%%%%%%%%%%%%%%%%%%%%%%%%%%%%%%%%%%%%%%%%%%%%%%%%%%%%%%%%%%
%%%%%%%%%%%%%%%%%%%%%%%%%%%%%%%%%%%%%%%%%%%%%%%%%%%%%%%%%%%%%%%%%%%%%%%%%%%%%%%%%%%%%%%%%%%%%%%%%%%%%%%%%%%%%%%%%%%%%%%%%%%%%%%%%%%%%%%%%%%%%%%%%%%%%%%%%%%%%%%%%%%

@inproceedings{xxx,
 author = {Dejean, Gerald and Kirovski, Darko},
 title = {RF-DNA: Radio-Frequency Certificates of Authenticity},
 booktitle = {Proceedings of the 9th International Workshop on Cryptographic Hardware and Embedded Systems},
 series = {CHES '07},
 year = {2007},
 isbn = {978-3-540-74734-5},
 location = {Vienna, Austria},
 pages = {346--363},
 numpages = {18},
 doi = {10.1007/978-3-540-74735-2\_24},
 acmid = {1421997},
 address = {Berlin, Heidelberg},
} 

@inproceedings{PUFAnalysis,
 author = {Stefan Katzenbeisser and  Ünal Kocabaş and Vladimir Rožić and Ahmad-Reza Sadeghi and Ingrid Verbauwhede and Christian Wachsmann},
 title = {PUFs: Myth, Fact or Busted? A Security Evaluation of Physically Unclonable Functions (PUFs) Cast in Silicon},
 booktitle = {Proceedings of the 14th International Workshop on Cryptographic Hardware and Embedded Systems},
 series = {CHES '2012},
 year = {2012},
 location = {Leuven, Belgium},
 pages = {283--301},
 numpages = {19},
 doi = {978-3-642-33026-1},
 address = {Berlin, Heidelberg},
} 


@INPROCEEDINGS{4700636, 
author={Majzoobi, M. and Koushanfar, F. and Potkonjak, M.}, 
booktitle={ITC 2008}, title={Testing Techniques for Hardware Security}, 
year={2008}, 
month={oct.}, 
volume={}, 
number={}, 
pages={1 -10}, 
keywords={Circuit testing;Delay;Hardware;Integrated circuit manufacture;Integrated circuit testing;Power system security;Protocols;Research and development;Reverse engineering;System testing;data privacy;integrated circuit testing;nondestructive testing;IC security;hardware security testing technique;integrated circuits;nondestructive technique;physically unclonable functions;}, 
doi={10.1109/TEST.2008.4700636}, 
ISSN={1089-3539},}



@inproceedings{RF-DNA,
 author = {Dejean, Gerald and Kirovski, Darko},
 title = {RF-DNA: Radio-Frequency Certificates of Authenticity},
 booktitle = {Proceedings of the 9th International Workshop on Cryptographic Hardware and Embedded Systems},
 series = {CHES '07},
 year = {2007},
 isbn = {978-3-540-74734-5},
 location = {Vienna, Austria},
 pages = {346--363},
 numpages = {18},
 doi = {10.1007/978-3-540-74735-2\_24},
 acmid = {1421997},
 address = {Berlin, Heidelberg},
} 

@inproceedings{LatchPUF,
    abstract = {{A 128b 6.3pJ/b, 96\%-stable chip-ID generation circuit using process variation is designed in a 0.13mum CMOS technology. The circuit consumes 162nW from a 1V supply at low readout frequencies and 6.34muW at 1 Mb/s. Two layout techniques are designed and fabricated to provide a performance comparison of power consumption and ID reliability}},
    author = {Su, Ying and Holleman, Jeremy and Otis, Brian P.},
    booktitle = {International Solid-State Circuits Conference (ISSCC)},
    citeulike-article-id = {9989001},
    citeulike-linkout-0 = {http://dx.doi.org/10.1109/ISSCC.2007.373466},
    citeulike-linkout-1 = {http://ieeexplore.ieee.org/xpls/abs\_all.jsp?arnumber=4242437},
    doi = {10.1109/ISSCC.2007.373466},
    isbn = {1-4244-0853-9},
    issn = {0193-6530},
    keywords = {puf},
    month = feb,
    pages = {406--611},
    posted-at = {2011-11-04 16:40:34},
    priority = {2},
    title = {{A 1.6pJ/bit 96\% Stable Chip-ID Generating Circuit using Process Variations}},
    year = {2007}
}

@book{national1993Counterfeit,
  title={Counterfeit Deterrent Features for the Next-Generation Currency Design},
  author={Committee on Next-Generation Currency Design, Commission on Engineering and Technical Systems, National Research Council},
  isbn={9780309050289},
  year={1993},
}

@article{AntiCounterfeiting,
author = {D. W. Bauder},
title = {{An Anti - Counterfeiting Concept for Currency Systems}},
year = {1983},
masid = {4137586}
}

@article{PaperPUF,
  author       = {James D. R. Buchanan and Russell P. Cowburn and Ana-Vanessa Jausovec and Doroth{\'{e}}e Petit and Peter Seem and Gang Xiong and Del Atkinson and Kate Fenton and Dan A. Allwood and Matthew T. Bryan},
  title        = {Forgery: `Fingerprinting' Documents and Packaging},
  journal      = {Nature},
  volume       = {436},
  number       = {7050},
  pages        = {475},
  month        = {July},
  year         = {2005},
  www_section  = {PUFs},  
  abstract     = {},
}

@incollection {CD-PUF,
   author = {Hammouri, Ghaith and Dana, Aykutlu and Sunar, Berk},
   affiliation = {Worcester Polytechnic Institute CRIS Lab 100 Institute Road Worcester MA 01609-2280},
   title = {CDs Have Fingerprints Too},
   booktitle = {Cryptographic Hardware and Embedded Systems - CHES 2009},
   series = {LNCS},
   editor = {Clavier, Christophe and Gaj, Kris},
   isbn = {978-3-642-04137-2},
   keyword = {Computer Science},
   pages = {348-362},
   volume = {5747},
   note = {10.1007/978-3-642-04138-9\_25},
   year = {2009}
}

@book{towardshardwaresecurity2010,
editor    = {Ahmad{-}Reza Sadeghi and
               David Naccache},
  title     = {Towards Hardware-Intrinsic Security - Foundations and Practice},
  series    = {Information Security and Cryptography},
  year      = {2010},
  doi       = {10.1007/978-3-642-14452-3},
  isbn      = {978-3-642-14451-6},
  timestamp = {Wed, 17 Sep 2014 04:58:59 +0200},
  bibsource = {dblp computer science bibliography, http://dblp.org}
}

@incollection {MeccaPUF, 
author = {Krishna, Aswin and Narasimhan, Seetharam and Wang, Xinmu and Bhunia, Swarup}, 
affiliation = {Case Western Reserve University, Cleveland, OH-44106 USA}, 
title = {MECCA: A Robust Low-Overhead PUF Using Embedded Memory Array}, 
booktitle = {Cryptographic Hardware and Embedded Systems - CHES 2011}, 
series = {LNCS}, 
editor = {Preneel, Bart and Takagi, Tsuyoshi}, 
isbn = {978-3-642-23950-2}, 
keyword = {Computer Science}, 
pages = {407-420}, 
volume = {6917}, 
note = {10.1007/978-3-642-23951-9\_27}, 
year = {2011} 
} 
%R. Maes, and I. Verbauwhede, "A Discussion on the Properties of Physically Unclonable Functions," TRUST 2010 Workshop on Security Hardware, Berlin, DE, 2010.

@inproceedings {DiscussionPUFproperties, 
author = {Maes, R. and Verbauwhede, I.}, 
title = {A Discussion on the Properties of Physically Unclonable Functions}, 
booktitle = {TRUST - Workshop on Security Hardware}, 
location = {Berlin, Germany},
year = {2010},
} 
%PHD thesis of Roel maes about all types of PUFs
@phdthesis{DBLP:phdbasesearchMaes12,
  author    = {Roel Maes},
  title     = {Physically Unclonable Functions: Constructions, Properties and Applications
               (Fysisch onkloonbare functies: constructies, eigenschappen en toepassingen)},
  school    = {Katholieke Universiteit Leuven, Belgium},
  year      = {2012}
}

@inproceedings{CoatingPUF:2006,
 author = {Tuyls, Pim and Schrijen, Geert-Jan and \v{S}kori\'{c}, Boris and van Geloven, Jan and Verhaegh, Nynke and Wolters, Rob},
 title = {Read-Proof Hardware from Protective Coatings},
 booktitle = {CHES'06},
 year = {2006},
 isbn = {3-540-46559-6, 978-3-540-46559-1},
 location = {Yokohama, Japan},
 pages = {369--383},
 numpages = {15},
} 

@book{Weste:2010:CVD:1841628,
 author = {Weste, Neil and Harris, David},
 title = {CMOS VLSI Design: A Circuits and Systems Perspective},
 year = {2010},
 isbn = {0321547748, 9780321547743},
 edition = {4th},
 address = {USA},
} 

@TECHREPORT{Tolk:OPTPUF,
  author = {Tolk, K.M.},
  title = {{Reflective Particle Technology for Identification of Critical Components}},
  institution = {Sandia National Labs., Albuquerque, NM},
  address = {USA},
  year = {1992},
  month = AUG,
  type = {Technical Report, SAND--92-1676C; CONF-9207102--26},
}



@ARTICLE{RobustPufEnhCRS5993536, 
author={Maiti, A. and Inyoung Kim and Schaumont, P.}, 
journal={Information Forensics and Security, IEEE Transactions on}, title={A Robust Physical Unclonable Function With Enhanced Challenge-Response Set}, 
year={2012}, 
month={feb. }, 
volume={7}, 
number={1}, 
pages={333 -345}, 
keywords={CRP;PUF entropy;PUF identifier formation;PUF measurement;challenge-response pair;chip authentication mechanism;chip identifier;circuit resource;cryptographic key;enhanced CRP generation capability;enhanced challenge-response set;environmental condition;identity-mapping function;low cost FPGA platform;physical tampering;ring-oscillator PUF system model;robust physical unclonable function;security issue;statistical hypothesis test;cryptography;field programmable gate arrays;statistical analysis;}, 
doi={10.1109/TIFS.2011.2165540}, 
ISSN={1556-6013},
}

@article{DBLP:journalsiacrMaitiGS11,
  author    = {Abhranil Maiti and
               Vikash Gunreddy and
               Patrick Schaumont},
  title     = {A Systematic Method to Evaluate and Compare the Performance
               of Physical Unclonable Functions},
  journal   = {IACR Cryptology ePrint Archive},
  volume    = {2011},
  year      = {2011},
  pages     = {657},
  ee        = {http://eprint.iacr.org/2011/657},
  bibsource = {DBLP, http://dblp.uni-trier.de}
}

@INPROCEEDINGS{PerfEvalPUF5981324, 
author={Jouini, Z.C. and Danger, J. and Bossuet, L.}, 
booktitle={New Circuits and Systems Conference (NEWCAS), 2011 IEEE 9th International}, title={Performance Evaluation of Physically Unclonable Function by Delay Statistics}, 
year={2011}, 
month={june}, 
volume={}, 
number={}, 
pages={482 -485}, 
keywords={Arbiter PUF;CYCLONE II FPGA;Si;delay statistics;logical level;performance evaluation;physical unclonable function;delays;elemental semiconductors;field programmable gate arrays;silicon;}, 
doi={10.1109/NEWCAS.2011.5981324}, 
ISSN={},}

@misc{pufataque,
author = {Ulrich Rhrmair and Frank Sehnke and Jan Slter and Gideon Dror and Srinivas Devadas and Jrgen Schmidhuber},
title = {Modeling Attacks on Physical Unclonable Functions},
howpublished = {Cryptology ePrint Archive, Report 2010/251},
year = {2010},
note = {\url{http://eprint.iacr.org/}},
}

@inproceedings{puf-key-devadas-1278484,
 author = {Suh, G. Edward and Devadas, Srinivas},
 title = {Physical Unclonable Functions for Device Authentication and Secret Key Generation},
 booktitle = {DAC '07: Proceedings of the 44th Annual Design Automation Conference},
 year = {2007},
 isbn = {978-1-59593-627-1},
 pages = {9--14}, 
 location = {San Diego, California},
 doi = {http://doi.acm.org/10.1145/1278480.1278484},
 address = {New York, NY, USA},
 }

@INPROCEEDINGS{puf-tristate,
  author={Ozturk, E. and Hammouri, G. and Sunar, B.},
  booktitle={Circuits and Systems, 2008. ISCAS 2008. IEEE International Symposium on Circuits and Systems}, title={Physical Unclonable Function with Tristate Buffers},
  year={2008},
  month={18-21},
  volume={},
  number={},
  pages={3194 -3197},
  keywords={cryptographic primitives;physical unclonable function;robust tamper-proofing techniques;tristate buffers;cryptography;},
  doi={10.1109/ISCAS.2008.4542137},
  ISSN={},
}
@article{1502786,
 author = {Majzoobi, Mehrdad and Koushanfar, Farinaz and Potkonjak, Miodrag},
 title = {Techniques for Design and Implementation of Secure Reconfigurable PUFs},
 journal = {ACM Trans. R. Tech. S.},
 volume = {2},
 number = {1},
 year = {2009},
 issn = {1936-7406},
 pages = {1--33},
 doi = {http://doi.acm.org/10.1145/1502781.1502786},
 address = {New York, NY, USA},
 }

@article{1479939,
 author = {Alkabani, Yousra and Koushanfar, Farinaz and Kiyavash, Negar and Potkonjak, Miodrag},
 title = {Trusted Integrated Circuits: A Nondestructive Hidden Characteristics Extraction Approach},
 book = {Information Hiding: 10th International Workshop, IH 2008, Santa Barbara, CA, USA, May 19-21, 2008, Revised Selected Papers},
 year = {2008},
 isbn = {978-3-540-88960-1},
 pages = {102--117},
 doi = {http://dx.doi.org/10.1007/978-3-540-88961-8_8},
 address = {Berlin, Heidelberg},
 }
@inproceedings{RfidPUF,
 author = {Bolotnyy, Leonid and Robins, Gabriel},
 title = {Physically Unclonable Function-Based Security and Privacy in RFID Systems},
 booktitle = {PERCOM '07: Proceedings of the Fifth IEEE International Conference on Pervasive Computing and Communications},
 year = {2007},
 isbn = {0-7695-2787-6},
 pages = {211--220},
 doi = {http://dx.doi.org/10.1109/PERCOM.2007.26},
 address = {Washington, DC, USA},
 }

@article{pufcontrolado,
 author = {Gassend, Blaise and Dijk, Marten Van and Clarke, Dwaine and Torlak, Emina and Devadas, Srinivas and Tuyls, Pim},
 title = {Controlled Physical Random Functions and Applications},
 journal = {ACM Trans. Inf. Syst. Secur.},
 volume = {10},
 number = {4},
 year = {2008},
 issn = {1094-9224},
 pages = {1--22},
 doi = {http://doi.acm.org/10.1145/1284680.1284683},
 address = {New York, NY, USA},
 }
@inproceedings{LightweightPuf,
author = {Ghaith Hammouri and Erdin\c{c} {\"O}zt{\"u}rk and Berk Birand and Berk Sunar},
title = {Unclonable Lightweight Authentication Scheme},
booktitle = {ICICS},
year = {2008},
pages = {33-48},
ee = {http://dx.doi.org/10.1007/978-3-540-88625-9_3},
crossref = {DBLP:conf/icics/2008},
bibsource = {DBLP, http://dblp.uni-trier.de}
}

@inproceedings{952593,
 author = {Gassend, Blaise and Clarke, Dwaine and van Dijk, Marten and Devadas, Srinivas},
 title = {Delay-Based Circuit Authentication and Applications},
 booktitle = {SAC '03: Proceedings of the 2003 ACM Symposium on Applied Computing},
 year = {2003},
 isbn = {1-58113-624-2},
 pages = {294--301},
 location = {Melbourne, Florida},
 doi = {http://doi.acm.org/10.1145/952532.952593},
 address = {New York, NY, USA},
 }

@inproceedings{1421971,
 author = {Guajardo, Jorge and Kumar, Sandeep S. and Schrijen, Geert-Jan and Tuyls, Pim},
 title = {FPGA Intrinsic PUFs and Their Use for IP Protection},
 booktitle = {CHES '07: Proceedings of the 9th International Workshop on Cryptographic Hardware and Embedded Systems},
 year = {2007},
 isbn = {978-3-540-74734-5},
 pages = {63--80},
 location = {Vienna, Austria},
 doi = {http://dx.doi.org/10.1007/978-3-540-74735-2_5},
 address = {Berlin, Heidelberg},
 }

@article{1458842,
 author = {Hammouri, Ghaith and \"{O}zt\"{u}rk, Erdin\c{c} and Sunar, Berk},
 title = {A Tamper-Proof and Lightweight Authentication Scheme},
 journal = {Pervasive Mob. Comput.},
 volume = {4},
 number = {6},
 year = {2008},
 issn = {1574-1192},
 pages = {807--818},
 doi = {http://dx.doi.org/10.1016/j.pmcj.2008.07.001},
 address = {Amsterdam, The Netherlands, The Netherlands},
 }

@inproceedings{puftrng,
  author = {Abhranil Maiti and Raghunandan Nagesh and Anand Reddy and Patrick Schaumont},
  title = {Physical Unclonable Function and True Random Number Generator: a Compact and Scalable Implementation},
  booktitle = {ACM Great Lakes Symposium on VLSI},
  year = {2009},
  pages = {425-428},
  ee = {http://doi.acm.org/10.1145/1531542.1531639},
  bibsource = {DBLP, http://dblp.uni-trier.de}
}


@inproceedings{LeeLGSDD_PUFSecretKey_VLSI04,
  author = {Jae W. Lee and Daihyun Lim and Blaise Gassend and G. Edward Suh and Marten van Dijk and Srinivas Devadas},
  title = {A Technique to Build a Secret Key in Integrated Circuits for Identification and Authentication Application},
  pages = {176--159},
  booktitle = {Proceedings of the Symposium on VLSI Circuits},
  year = {2004},
  location = {},
  ISBN = {},
  language = {},
  www_section = {PUFs},
}

@inproceedings{ControledPUF,
  author = {Gassend, Blaise and Clarke, Dwaine and van Dijk, Marten and Devadas, Srinivas},
  title = {Controlled Physical Random Functions},
  booktitle = {ACSAC '02: Proceedings of the 18th Annual Computer Security Applications Conference},
  year = {2002},
  isbn = {0-7695-1828-1},
  pages = {149},
  address = {Washington, DC, USA},
}

@article{PRTG02,
  author = {Ravikanth S. Pappu and Ben Recht and Jason Taylor and Niel Gershenfeld},
  title = {Physical One-Way Functions},
  pages = {2026--2030},
  journal = {Science},
  volume = {297},
  number = {},
  year = {2002},
  www_section = {PUFs},
}

@phdthesis{Pappu01,
  author = {Ravikanth S. Pappu},
  title = {Physical One-Way Functions},
  school = {Massachusetts Institute of Technology},
  month = {March},
  year = {2001},
  www_section = {PUFs},
}


GASSEND

@ARTICLE{gassend-cpuf-tissec,
  author = {Blaise Gassend and Marten van Dijk and Dwaine Clarke and Emina Torlak and Pim
    Tuyls and Srinivas Devadas},
  title = {Controlled Physical Random Functions and Applications},
  volume = 10,
  number = 4,
  journal = {ACM Transactions on Information and System Security},
  year = 2008
}
@inproceedings{GassendCDD_SiliconPUF_CCSC02,
  author = {Blaise Gassend and Dwaine Clarke and Marten van Dijk and Srinivas Devadas},
  title = {Silicon Physical Random Functions},
  booktitle = {ACM Conference on Computer and Communications Security},
  year = {2002},
  isbn = {1-58113-612-9},
  pages = {148--160},
  location = {Washington, DC, USA},
  address = {New York, NY, USA},
  www_section = {PUFs},
}

@INPROCEEDINGS{incremental-2003,
  title = {Incremental Multiset Hash Functions and Their Application to Memory Integrity Checking},
  author = {Dwaine Clarke and Srinivas Devadas and Marten van Dijk and Blaise Gassend and G. Edward Suh},
  booktitle = {Advances in Cryptology - ASIACRYPT 2003},
  pages = {188--207},
  series = {LNCS},
  month = {november},
  year = {2003}
}
@PHDTHESIS{phd-thesis,
  author = {Blaise Gassend},
  title = {{A Fully Microfabricated Two-Dimensional Electrospray Array with Applications to Space Propulsion}},
  school = {Massachusetts Institute of Technology},
  year = {2007},
  month = MAY,
  pdf = {http://gassend.net/publications/PhDThesisAFullyMicrofabricatedTwo-DimensionalElectrosprayArrayWithApplicationsToSpacePropulsion.pdf}
}

@INPROCEEDINGS{gassend-JPC06,
  author = {{B. Gassend and L. F. Velasquez-Garcia and P. Lozano and A. I. Akinwande and M. Martinez-Sanchez}},
  title = {{A Microfabricated Electrospray Thruster using Ridge Emitters and Ceramic-Ball Extractor Location}},
  booktitle = {Proceedings of the 42$^{nd}$ AIAA/ASME/SAE/ASEE Joint Propulsion Conference and Exhibit},
  month = JUL,
  year = 2006
}
@INPROCEEDINGS{gassend-JPC07,
  author = {{B. Gassend and L. F. Velasquez-Garcia and P. Lozano and A. I. Akinwande and M. Martinez-Sanchez}},
  title = {{A Fully Integrated Microfabricated Externally Wetted Electrospray Thruster}},
  booktitle = {Proceedings of the 43$^{rd}$ AIAA/ASME/SAE/ASEE Joint Propulsion Conference and Exhibit},
  month = JUL,
  year = 2007
}
@ARTICLE{lim-VLSI2005,
  author = {{D. Lim and J. W. Lee and B. Gassend and G. E. Suh and M. van Dijk and S. Devadas}},
  title = {{Extracting Secret Keys From Integrated Circuits}},
  volume = 13,
  number = 10,
  pages = {1200--1205},
  month = OCT,
  year = 2005,
  journal = {IEEE Transactions on Very Large Scale Integration (VLSI)
    Systems},
}

@INPROCEEDINGS{IcIdentification, 
author = {Keith Lofstrom and W. Robert Daasch and Donald Taylor}, 
title = {IC Identification Circuit Using Device Mismatch}, 
booktitle = {In Proceedings of ISSCC 2000}, 
year = {2000}, 
pages = {372--373} 
}

@MastersThesis{ArbiterPUF-master-thesis, 
author = {Daihyun Lim}, 
title = {{Extracting Secret Keys from Integrated Circuits}}, 
school = {MIT}, 
address = {USA}, 
year = {2004}, 
}

@ARTICLE{spufjournal,
  author = {Blaise Gassend and Daihyun Lim and Dwaine Clarke and Srinivas Devadas and Marten van Dijk},
  title = {Identification and authentication of integrated circuits},
  volume = 16,
  number = 11,
  pages = {1077--1098},
  month = SEP,
  year = 2004,
  journal = {Concurrency and Computation: Practice and Experience},
}
@INPROCEEDINGS{Lim-VLSI2004,
  title = {A technique to build a secret key in integrated circuits for identification and authentication applications},
  author = {J. W. Lee and Daihyun Lim and B. Gassend and G. E. Suh and M. van Dijk and S. Devadas},
  year = 2004,
  month = JUN,
  pages = {{176--179}},
  booktitle = {VLSI Circuits, 2004. Digest of Technical Papers}
}

@MASTERSTHESIS{masters-thesis,
  author = {Blaise Gassend},
  title = {{Physical Random Functions}},
  school = {Massachusetts Institute of Technology},
  year = {2003},
  month = JAN,
  pdf = {http://gassend.net/publications/MastersThesisPhysicalRandomFunctions.pdf}
}
@INPROCEEDINGS{keycard,
  author = {Blaise Gassend and Dwaine Clarke and Marten van Dijk and Srinivas Devadas},
  title = {{Delay-Based Circuit Authentication and Applications}},
  booktitle = {Proc. of the 18th Annual ACM Symposium on Applied Computing},
  pdf = {http://gassend.net/publications/DelayBasedCircuitAuthenticationAndApplications.pdf},
  month = {March},
  year = {2003}
}
@INPROCEEDINGS{hashtree,
  author = {Blaise Gassend and Dwaine Clarke and G. Edward Suh and Marten van Dijk and Srinivas Devadas},
  title = {{Caches and Hash Trees for Efficient Memory Integrity Verification}},
  booktitle = {Proc. of the Ninth International Symposium on High Performance Computer Architecture (HPCA-9)},
  pdf = {http://gassend.net/publications/CachesAndHashTreesForMemoryVerification.pdf},
  month = {Feburary},
  year = {2003}
}
@INPROCEEDINGS{cpuf,
  author = {Blaise Gassend and Dwaine Clarke and Marten van Dijk and Srinivas Devadas},
  title = {{Controlled Physical Random Functions}},
  booktitle = {Proc. of the 18th Annual Computer Security Applications Conference},
  pdf = {http://gassend.net/publications/ControlledPhysicalOneWayFunctions.pdf},
  month = {December},
  year = {2002}
}
@INPROCEEDINGS{spuf,
  author = {Blaise Gassend and Dwaine Clarke and Marten van Dijk and Srinivas Devadas},
  title = {{Silicon Physical Random Functions}},
  booktitle = {Proc. of the $9^{th}$ ACM Conference on Computer and Communications Security},
  pdf = {http://gassend.net/publications/SiliconPhysicalOneWayFunctions.pdf},
  month = {November},
  year = {2002}
}
@INPROCEEDINGS{untrustedcomputer,
  pdf = {http://gassend.net/publications/CameraBasedAuthentication.pdf},
  author = {Dwaine Clarke and Blaise Gassend and Thomas Kotwal and Matt Burnside and Marten van Dijk and Srinivas and Ronald Rivest},
  title = {{The Untrusted Computer Problem and Camera-Based Authentication}},
  booktitle = {Pervasive Computing},
  month = {August},
  year = {2002},
  series = {LNCS},
  pages = {114--124},
}
@TECHREPORT{stage-option,
  author = {Blaise Gassend},
  title = {{The Geometry of Interaction and Interaction Nets in Hardware}},
  institution = {Ecole Polytechnique},
  address = {Palaiseau, France},
  year = {2001},
  month = JUL,
  type = {Rapport de Stage d'Option Scientifique},
  pdf = {http://gassend.net/publications/PuttingTheGeometryOfInteractionIntoHardware.pdf}
}

@inproceedings{SRAMPUF, 
author = {Daniel E. Holcomb and Wayne P. Burleson and Kevin Fu}, 
title = {Initial {SRAM} state as a fingerprint and source of true random numbers for {RFID} tags}, 
booktitle = {Proceedings of the Conference on RFID Security}, 
month = {July}, 
year = {2007}, 
www_section = {PUFs}, 
}

@INPROCEEDINGS{butterflyPUF, 
title={Extended abstract: The Butterfly PUF Protecting IP on every FPGA}, 
author={Kumar, S.S. and Guajardo, J. and Maes, R. and Schrijen, G.-J. and Tuyls, P.}, 
booktitle={Hardware-Oriented Security and Trust, 2008. HOST 2008. IEEE International Workshop on}, 
year={2008}, 
month={June}, 
volume={}, 
number={}, 
pages={67-70}, 
keywords={SRAM chips, cryptography, field programmable gate arrays, integrated circuit design, logic designFPGA, IP protection, bitstream encryption, butterfly physical unclonable functions, cryptographic operations, embedded SRAM memories, hardware designs, integrated circuits, volatile secret keys}, 
doi={10.1109/HST.2008.4559053}, 
ISSN={}, }

@inproceedings{ThresholdPUF, 
author = {Lin, Lang and Holcomb, Dan and Krishnappa, Dilip Kumar and Shabadi, Prasad and Burleson, Wayne}, 
title = {Design Optimization and Security Validation of Sub-Threshold PUFs}, 
booktitle = {SECSI}, 
year = {2010}, 
location = {Cologne, DE} 
} 


@inproceedings{patent:magneticPUF,
 title     = {Method and Apparatus for Fingerprinting Magnetic Media},
 number    = {5365586},
 author    = {Indeck, Ronald S. and Muller, Marcel W.},
 year      = {1994},
 month     = {November},
}

@article{Wang:2011:IAB:1966831.1966838,
 author = {Wang, Lina and Jiang, Xiaqiu and Lian, Shiguo and Hu, Donghui and Ye, Dengpan},
 title = {Image Authentication Based on Perceptual Hash Using Gabor Filters},
 journal = {Soft Comput.},
 issue_date = {March 2011},
 volume = {15},
 number = {3},
 month = mar,
 year = {2011},
 issn = {1432-7643},
 pages = {493--504},
 numpages = {12},
 doi = {10.1007/s00500-009-0529-7},
 acmid = {1966838},
 address = {Berlin, Heidelberg},
 keywords = {Gabor filter, Image authentication, Perceptual hash, Reference metrics},
} 



@inproceedings{ThresholdPUF2, 
author = {Lin, Lang and Holcomb, Dan and Krishnappa, Dilip Kumar and Shabadi, Prasad and Burleson, Wayne}, 
title = {Low-Power Sub-Threshold Design of Secure Physical Unclonable Functions}, 
booktitle = {Proceedings of the 16th ACM/IEEE International Symposium on Low Power Electronics and Design}, 
series = {ISLPED 2010}, 
year = {2010}, 
isbn = {978-1-4503-0146-6}, 
location = {Austin, Texas, USA}, 
pages = {43--48}, 
numpages = {6}, 
doi = {http://doi.acm.org/10.1145/1840845.1840855}, 
acmid = {1840855}, 
address = {New York, NY, USA}, 
keywords = {RFID, embedded system security, physical unclonable function, sub-threshold circuits}, 
}

@inproceedings{powerPUF, 
author = {Helinski, Ryan and Acharyya, Dhruva and Plusquellic, Jim}, 
title = {A Physical Unclonable Function Defined Using Power Distribution System Equivalent Resistance Variations}, 
booktitle = {DAC '09}, 
year = {2009}, 
isbn = {978-1-60558-497-3}, 
pages = {676--681}, 
location = {San Francisco, California}, 
address = {New York}, 
} 

@incollection {glitchPUF, 
author = {Suzuki, Daisuke and Shimizu, Koichi}, 
affiliation = {Information Technology R&D Center, Mitsubishi Electric Corporation}, 
title = {The Glitch PUF: A New Delay-PUF Architecture Exploiting Glitch Shapes}, 
booktitle = {Cryptographic Hardware and Embedded Systems, CHES 2010}, 
series = {LNCS}, 
editor = {Mangard, Stefan and Standaert, Franois-Xavier}, 
isbn = {}, 
pages = {366-382},
volume = {6225}, 
note = {10.1007/978-3-642-15031-9\_25}, 
year = {2011} 

}

@Misc{pufrfid,
  Author         = {Verayo Trusted Silicon},
  Title          = {Unclonable {RFIDs} - Trusted, Secure, Low Cost RFIDs},
  Note           = {acessado 14/07/2010,
                   \url{http://www.verayo.com/product/pufrfid.html}},
  year           = 2010
}

@Misc{sopcuserguide,
  Author         = {Altera Corporation},
  Title          = {SOPC Builder - User Guide},
  Note           = {acessado 15/04/2011,
                   \url{http://www.altera.com/literature/ug/ug_sopc_builder.pdf}},
  year           = 2010
}
@Misc{sopcdocumentation,
  Author         = {Altera Corporation},
  Title          = {Documentation: SOPC Builder},
  Note           = {acessado 15/04/2011,
                   \url{http://www.altera.com/literature/lit-sop.jsp}},
  year           = 2011
}

@Misc{alteraIpcores,
  Author         = {Altera Corporation},
  Title          = {Altera University Program - IP Cores},
  Note           = {acessado 25/10/2011,
                   \url{ftp://ftp.altera.com/up/pub/Altera_Material/11.0/}},
  year           = 2011
}

@Misc{alteraAvalon,
  Author         = {Altera Corporation},
  Title          = {Avalon Interface Specifications},
  Note           = {acessado 25/10/2011,
                   \url{http://www.altera.com/literature/manual/mnl_avalon_spec.pdf}},
  year           = 2011
}



@book{tanenbaum,
 author = {Tanenbaum, Andrew},
 title = {Computer Networks},
 year = {2002},
 isbn = {0130661023},
 }
@incollection {2011_Devadas_LSPUF_Machine_learning,
    author = {Yu, Meng-Day and M'Raihi, David and Sowell, Richard and Devadas, Srinivas},
    affiliation = {Verayo Inc., San Jose, CA, USA},
    title = {Lightweight and Secure PUF Key Storage Using Limits of Machine Learning},
    booktitle = {Cryptographic Hardware and Embedded Systems - CHES 2011},
    series = {LNCS},
    editor = {Preneel, Bart and Takagi, Tsuyoshi},
    isbn = {978-3-642-23950-2},
    keyword = {Computer Science},
    pages = {358-373},
    volume = {6917},
    year = {2011}
}

@inproceedings{HBNS13,
  author = {C. Helmeier and C. Boit and D. Nedospasov and J.-P. Seifert},
  title = {Cloning Physically Unclonable Functions},
  booktitle = {IEEE Int. Symposium on Hardware-Oriented Security and Trust},
  series = {HOST 2013},
  year = {2013},
  pages = {1--6},
}

@inbook{iot,
    author = {F. Mattern and C. Floerkemeier},
    editor = {K. Sachs and I. Petrov and P. Guerrero},
    title = {{From the Internet of Computers to the Internet of Things}},
    booktitle = {{From Active Data Management to Event-Based Systems and More}},
    volume = {6462},
    pages = {242--259},
    series = {LNCS},
    year = {2010}
}

@inproceedings{GKST07,
  author    = {Jorge Guajardo and
               Sandeep S. Kumar and
               Geert Jan Schrijen and
               Pim Tuyls},
  title     = {Physical Unclonable Functions, FPGAs and Public-Key Crypto
               for IP Protection},
  booktitle = {FPL},
  year      = {2007},
  pages     = {189-195},
}

@inproceedings{BFSK11,
 author = {Brzuska, Christina and Fischlin, Marc and Schr\"{o}der, Heike and Katzenbeisser, Stefan},
 title = {Physically uncloneable functions in the universal composition framework},
 booktitle = {CRYPTO'11},
 year = {2011},
 location = {Santa Barbara, CA},
 pages = {51--70},
 numpages = {20},
 address = {Berlin, Heidelberg},
} 

@incollection{R10,
year={2010},
isbn={978-3-642-13868-3},
booktitle={Trust and Trustworthy Computing},
volume={6101},
series={LNCS},
editor={Acquisti, Alessandro and Smith, SeanW. and Sadeghi, Ahmad-Reza},
doi={10.1007/978-3-642-13869-0_31},
title={Oblivious Transfer Based on Physical Unclonable Functions},
author={Rührmair, Ulrich},
pages={430-440},
language={English}
}

@inproceedings{SD07,
 author = {Suh, G. Edward and Devadas, Srinivas},
 title = {Physical unclonable functions for device authentication and secret key generation},
 booktitle = {Proceedings of the 44th annual Design Automation Conference},
 series = {DAC '07},
 year = {2007},
 isbn = {978-1-59593-627-1},
 location = {San Diego, California},
 pages = {9--14},
 numpages = {6},
 address = {New York, NY, USA},
} 

@article{LLG05,
 author = {Lim, Daihyun and Lee, Jae W. and Gassend, Blaise and Suh, G. Edward and van Dijk, Marten and Devadas, Srinivas},
 title = {Extracting secret keys from integrated circuits},
 journal = {IEEE Trans. Very Large Scale Integr. Syst.},
 issue_date = {October 2005},
 volume = {13},
 number = {10},
 month = oct,
 year = {2005},
 issn = {1063-8210},
 pages = {1200--1205},
 numpages = {6},
 address = {Piscataway, NJ, USA},
} 

@incollection{STO05,
year={2005},
booktitle={Applied Cryptography and Network Security},
volume={3531},
series={LNCS},
title={Robust Key Extraction from Physical Uncloneable Functions},
author={\v{S}kori\'{c}, B. and Tuyls, P. and Ophey, W.},
pages={407-422}
}

@inproceedings{puf-encryption, 
  author = {F. Armknecht and R. Maes and A. Sadeghi and B. Sunar and P. Tuyls}, 
  title = {Memory Leakage-Resilient Encryption Based on Physically Unclonable Functions}, 
  booktitle = {ASIACRYPT '09: Proceedings of the 15th International Conference on the Theory and Application of Cryptology and Information Security}, 
  year = {2009}, 
  pages = {685--702}, 
  location = {Tokyo, Japan}, 
  address = {Berlin, Heidelberg}, 
}

@inproceedings{frikken09,
  author    = {Keith B. Frikken and
               Marina Blanton and
               Mikhail J. Atallah},
  editor    = {Pierangela Samarati and
               Moti Yung and
               Fabio Martinelli and
               Claudio Agostino Ardagna},
  title     = {Robust Authentication Using Physically Unclonable Functions},
  booktitle = {12th International Conference on Information Security (ISC 2009)},
  year      = {2009},
  series    = {LNCS},
  volume    = {5735},
  pages     = {262-277},
}

@inproceedings{busch09,
  author    = {Heike Busch and
               Stefan Katzenbeisser and
               Paul Baecher},
  editor    = {Heung Youl Youm and
               Moti Yung},
  title     = {PUF-Based Authentication Protocols - Revisited},
  booktitle = {10th International Workshop on Information Security Applications (WISA 2009)},
  year      = {2009},
  pages     = {296-308},
  series    = {LNCS},
  volume    = {5932},
  year      = {2009},
}

%% Guido added

@INPROCEEDINGS{1395790, 
author={Elbaz, R. and Torres, L. and Sassatelli, G. and Guillemin, P. and Anguille, C. and Buatois, C. and Rigaud, J.B.}, 
booktitle={DATE 2005}, 
title={Hardware engines for bus encryption: a survey of existing techniques}, 
year={2005}, 
month={March}, 
pages={40-45 Vol. 3}, 
keywords={cryptography;data privacy;embedded systems;system buses;CPU;PDA;RAM;bus encryption;embedded devices;external memory;hardware engines;mobile phones;pay-TV;portable devices;processor-memory bus communications;Cryptography;Data security;Embedded system;Engines;Hardware;Mobile handsets;Personal digital assistants;Protection;Random access memory;Read-write memory}, 
doi={10.1109/DATE.2005.170}, 
ISSN={1530-1591},}

@inproceedings{perez2006vtpm,
  title={vTPM: virtualizing the trusted platform module},
  author={Perez, Ronald and Sailer, Reiner and van Doorn, Leendert and others},
  booktitle={Proc. 15th Conf. on USENIX Security Symposium},
  pages={305--320},
  year={2006}
}

@Misc{leon4,
  Author         = {Aeroflex Gaisler},
  Title          = {LEON4 Processor},
  Note           = {accessed 02/17/2014,
                   \url{http://www.gaisler.com/index.php/products/processors/leon4}},
  year           = 2014
}

@Misc{tpm_spec,
  Author         = {Trusted Computing Group},
  Title          = {Trusted Platform Module - Main Specification},
  Note           = {accessed 02/17/2014,
                   \url{http://www.trustedcomputinggroup.org/resources/tpm_main_specification}},
  year           = 2014
}

@inproceedings{suh2003aegis,
  title={AEGIS: architecture for tamper-evident and tamper-resistant processing},
  author={Suh, G Edward and Clarke, Dwaine and Gassend, Blaise and Van Dijk, Marten and Devadas, Srinivas},
  booktitle={ICS 2003},
  pages={160--171},
  year={2003},
  organization={ACM}
}

@inproceedings{suh2005design,
  title={Design and implementation of the AEGIS single-chip secure processor using physical random functions},
  author={Suh, G Edward and O'Donnell, Charles W and Sachdev, Ishan and Devadas, Srinivas},
  booktitle={ACM SIGARCH Computer Architecture News},
  volume={33},
  number={2},
  pages={25--36},
  year={2005},
  organization={IEEE Computer Society}
}

@article{hearst1998support,
  title={Support vector machines},
  author={Hearst, Marti A. and Dumais, ST and Osman, E and Platt, John and Scholkopf, Bernhard},
  journal={Intelligent Systems and their Applications, IEEE},
  volume={13},
  number={4},
  pages={18--28},
  year={1998},
}

@article{ravi2004security,
  title={Security in embedded systems: Design challenges},
  author={Ravi, Srivaths and Raghunathan, Anand and Kocher, Paul and Hattangady, Sunil},
  journal={ACM Transactions on Embedded Computing Systems (TECS)},
  volume={3},
  number={3},
  pages={461--491},
  year={2004},
}

@book{gebotys2010security,
  title={Security in embedded devices},
  author={Gebotys, Catherine H},
  volume={6},
  year={2010},
}

@book{Maes2010Security,
 author = {Sadeghi, Ahmad-Reza and Naccache, David},
 title = {Towards Hardware-Intrinsic Security: Foundations and Practice},
 year = {2010},
 isbn = {3642144519, 9783642144516},
 edition = {1st},
 address = {NY, USA},
} 

@INPROCEEDINGS{1428517, 
author={Satoh, A and Inoue, T.}, 
booktitle={ITCC 2005}, 
title={ASIC hardware focused comparison for hash functions MD5, RIPEMD-160, and SHAs}, 
pages={532-537}, 
keywords={CMOS integrated circuits;application specific integrated circuits;cryptography;microprocessor chips;performance evaluation;0.13 micron;2.9 Gbit/s;929 Mbit/s;ASIC hardware;CMOS standard cell library;MD5;RIPEMD-160;SHA-1;SHA-224;SHA-256;SHA-384;SHA-512;SHS;hash functions;performance evaluation;security levels;speed optimization;Authentication;Circuit synthesis;Cryptography;Data security;Digital signatures;Laboratories;Libraries;NIST;Performance evaluation;Throughput}, 
doi={10.1109/ITCC.2005.92},}

@misc{siphash_core,
author = {Joachim Strömbergson},
title = {Verilog 2001 implementation of SipHash},
howpublished = {\url{https://gitorious.org/siphash_core}},
year = {2013},
note = {[Online; accessed 16-Sep-2014]}
}

@techreport{Skorobogatov2005,
  author =	 {Skorobogatov, Sergei P.},
  title = 	 {{Semi-invasive attacks -- A new approach to hardware
         	   security analysis}},
  year = 	 2005,
  month = 	 apr,
  institution =  {University of Cambridge, Computer Laboratory},
  number = 	 {UCAM-CL-TR-630}
}

@article{Merli2013:Masking,
  title={Protecting PUF Error Correction by Codeword Masking.},
  author={Merli, Dominik and Stumpf, Frederic and Sigl, Georg}
}

% Tajik et al.
% Attacks
% 2015
% Laser.Fault.Attack.on.Physically.Unclonable.Functions-Tajik-FDTC2015.pdf
% 4 citations on 2016-05-12
@inproceedings{Tajik2015:LaserAttack,
	author				= {S. Tajik and H. Lohrke and F. Ganji and J. P. Seifert and C. Boit}, 
	booktitle			= {2015 Workshop on Fault Diagnosis and Tolerance in Cryptography (FDTC)}, 
	title				= {Laser Fault Attack on Physically Unclonable Functions}, 
	year				= {2015}, 
	pages				= {85-96}, 
	keywords			= {programmable logic devices;security of data;storage management chips;PUF-based authenticators;PUF-based random key generators;complex programmable logic device;integrated circuits;key storage security;laser fault injection attack;physically unclonable functions;random key generation;reconfigurable hardware;Circuit faults;Entropy;Field programmable gate arrays;Photonics;Radiation detectors;Table lookup;Laser Fault Injection;Photonic Emission Analysis;Physically Unclonable Functions}, 
	doi					= {10.1109/FDTC.2015.19}, 
	month				= {Sept},
}

% Tajik et al.
% Attacks
% 2016
% Photonic.Side-Channel.Analysis.of.Arbiter.PUFs-Tajik-2016.pdf 
% 0 citations on 2016-05-19
@Article{Tajik2016:Photonic,
	author				= {Tajik, Shahin and Dietz, Enrico and Frohmann, Sven and Dittrich, Helmar and Nedospasov, Dmitry and Helfmeier, Clemens and Seifert, Jean-Pierre and Boit, Christian and H{\"u}bers, Heinz-Wilhelm},
	title				= {Photonic Side-Channel Analysis of Arbiter PUFs},
	journal				= {Journal of Cryptology},
	year				= {2016},
	pages				= {1--22},
	issn				= {1432-1378},
	doi					= {10.1007/s00145-016-9228-6},
}


% Menezes et al.
% Cryptography
% 1996
% Handbook.of.Applied.Cryptography-Menezes-Chap9-1996.pdf
% 16615 citations on 2017-01-27
@book{Menezes1996:Handbook,
	title				= {Handbook of applied cryptography},
	author				= {Menezes, Alfred J and Van Oorschot, Paul C and Vanstone, Scott A},
	year				= {1996},
	publisher			= {CRC press}
}


@book{Mangard2007:PowerAnalysis,
 author = {Mangard, Stefan and Oswald, Elisabeth and Popp, Thomas},
 title = {Power Analysis Attacks: Revealing the Secrets of Smart Cards (Advances in Information Security)},
 year = {2007},
 isbn = {0387308571},
 publisher = {Springer-Verlag New York, Inc.},
 address = {Secaucus, NJ, USA},
} 

@inproceedings{Mashtizadeh2015,
 author = {Mashtizadeh, Ali Jose and Bittau, Andrea and Boneh, Dan and Mazi\`{e}res, David},
 title = {CCFI: Cryptographically Enforced Control Flow Integrity},
 booktitle = {Proceedings of the 22Nd ACM SIGSAC Conference on Computer and Communications Security},
 series = {CCS '15},
 year = {2015},
 isbn = {978-1-4503-3832-5},
 location = {Denver, Colorado, USA},
 pages = {941--951},
 numpages = {11},
 doi = {10.1145/2810103.2813676},
 acmid = {2813676},
 publisher = {ACM},
 address = {New York, NY, USA},
 keywords = {control flow integrity, return oriented programming, vulnerabilities},
}
% This File is sorted as follow:
% 1) Area.
% 2) Last name of the first author.
% 3) Year of issuing.
% 4) Article name.
% 5) Citations.
%
% Compiled by Caio.

% ========================= Attacks ======================== %

% Becker 
% Attacks
% 2015
% The.Gap.Between.Promise.and.Reality.On.the.Insecurity.of.XOR.Arbiter.PUFs-Becker-CHES2015.pdf
% 2 citations on 2016-01-22 
@incollection{Becker2015,
	year				= {2015},
	isbn				= {978-3-662-48323-7},
	booktitle			= {Cryptographic Hardware and Embedded Systems -- CHES 2015},
	volume				= {9293},
	series				= {Lecture Notes in Computer Science},
	editor				= {Güneysu, Tim and Handschuh, Helena},
	doi					= {10.1007/978-3-662-48324-4_27},
	title				= {The Gap Between Promise and Reality: On the Insecurity of XOR Arbiter PUFs},
	publisher			= {Springer Berlin Heidelberg},
	keywords			= {PUFs; Machine learning; Real-world attacks; XOR PUFs},
	author				= {Becker, Georg T.},
	pages				= {535-555},
	language			= {English}
}


% Delvaux et al.
% Attacks
% 2014
% Attacking.PUF-Based.Pattern.Matching.Key.Generators.via.Helper.Data.Manipulation-Delvaux-2013.pdf
% 8 citations on 2015-01-02 
@incollection{Delvaux2014a,
	year				= {2014},
	isbn				= {978-3-319-04851-2},
	booktitle			= {Topics in Cryptology – CT-RSA 2014},
	volume				= {8366},
	series				= {Lecture Notes in Computer Science},
	editor				= {Benaloh, Josh},
	doi					= {10.1007/978-3-319-04852-9_6},
	title				= {Attacking PUF-Based Pattern Matching Key Generators via Helper Data Manipulation},
	publisher			= {Springer International Publishing},
	keywords			= {PUF; secret key; helper data; fuzzy extractor; Hamming distance},
	author				= {Delvaux, Jeroen and Verbauwhede, Ingrid},
	pages				= {106-131},
	language			= {English}
}

% Delvaux et al.
% Attacks
% 2014
% Key-recovery.Attacks.on.Various.RO.PUF.Constructions.via.Helper.Data.Manipulation-Delvaux-DATE2014.pdf
% 4 citations on 2015-01-02 
@inproceedings{Delvaux2014b,
	author 				= {Delvaux, Jeroen and Verbauwhede, Ingrid},
	title 				= {Key-recovery Attacks on Various RO PUF Constructions via Helper Data Manipulation},
	booktitle 			= {Proceedings of the Conference on Design, Automation \& Test in Europe},
	series 				= {DATE '14},
	year 				= {2014},
	isbn 				= {978-3-9815370-2-4},
	location 			= {Dresden, Germany},
	pages 				= {72:1--72:6},
	articleno 			= {72},
	numpages 			= {6},
	url 				= {http://dl.acm.org/citation.cfm?id=2616606.2616695},
	acmid 				= {2616695},
	publisher 			= {European Design and Automation Association},
	address 			= {3001 Leuven, Belgium, Belgium},
}

% Helfmeier et at.
% Attacks
% 2013
% Cloning.Physically.Unclonable.Functions-Helfmeier-HOST2013.pdf 
% 30 citations on 2015-01-02
@inproceedings{Helfmeier2013,
	author				= {Helfmeier, C. and Boit, C. and Nedospasov, D. and Seifert, J.-P.}, 
	booktitle			= {Hardware-Oriented Security and Trust (HOST), 2013 IEEE International Symposium on}, 
	title				= {Cloning Physically Unclonable Functions}, 
	year				= {2013}, 
	month				= {June}, 
	pages				= {1-6}, 
	keywords			= {SRAM chips;application specific integrated circuits;cache storage;field programmable gate arrays;integrated circuit interconnections;ASIC;FPGA;SRAM PUF;cache memory;data memory;environmental effects;focused ion beam circuit;integrated circuits;on-die memories;physically unclonable function cloning;standard interconnects;system security demands;Arrays;Cloning;Integrated circuits;SRAM cells;Security;Transistors}, 
	doi					= {10.1109/HST.2013.6581556}
}	

% Merli et at.
% Attacks
% 2011
% Side-Channel.Analysis.of.PUFs.and.Fuzzy.Extractors-Merli-2011.pdf
% 43 citations on 2015-01-02
@inproceedings{Merli2011,
	year				= {2011},
	isbn				= {978-3-642-21598-8},
	booktitle			= {Trust and Trustworthy Computing},
	volume				= {6740},
	series				= {Lecture Notes in Computer Science},
	editor				= {McCune, JonathanM. and Balacheff, Boris and Perrig, Adrian and Sadeghi, Ahmad-Reza and Sasse, Angela and Beres, Yolanta},
	doi					= {10.1007/978-3-642-21599-5_3},
	title				= {Side-Channel Analysis of PUFs and Fuzzy Extractors},
	publisher			= {Springer Berlin Heidelberg},
	keywords			= {Physical Unclonable Function (PUF); Side-Channel Analysis (SCA); Fuzzy Extractor; Helper Data; FPGA},
	author				= {Merli, Dominik and Schuster, Dieter and Stumpf, Frederic and Sigl, Georg},
	pages				= {33-47},
	language			= {English}
}	

% Merli et at.
% Attacks
% 2013
% Protecting.PUF.Error.Correction.by.Codeword.Masking-Merli-2013.pdf 
% 4 citations on 2015-03-24
@article{Merli2013,
	author				= {Dominik Merli and Frederic Stumpf and Georg Sigl},
	title				= {Protecting {PUF} Error Correction by Codeword Masking},
	journal				= {{IACR} Cryptology ePrint Archive},
	volume				= {2013},
	pages				= {334},
	year				= {2013},
	url					= {http://eprint.iacr.org/2013/334},
	timestamp			= {Thu, 13 Jun 2013 19:18:44 +0200},
	biburl				= {http://dblp.uni-trier.de/rec/bib/journals/iacr/MerliSS13},
	bibsource			= {dblp computer science bibliography, http://dblp.org}
}

% Nedospasov et at.
% Attacks
% 2013
% Invasive.PUF.Analysis-Nedospasov-FDTC2013.pdf
% 19 citations on 2015-01-02
@inproceedings{Nedospasov2013,
	author				= {Nedospasov, D. and Seifert, J.-P. and Helfmeier, C. and Boit, C.}, 
	booktitle			= {Fault Diagnosis and Tolerance in Cryptography (FDTC), 2013 Workshop on}, 
	title				= {Invasive PUF Analysis}, 
	year				= {2013}, 
	month				= {Aug}, 
	pages				= {30-38}, 
	keywords			= {SRAM chips;failure analysis;integrated circuit reliability;integrated circuits;security of data;backside readout;failure analysis technique;fully-invasive attacks;high-security applications;invasive PUF analysis;memory-based PUF;modern secure integrated circuits;nonvolatile memory;physically unclonable functions;secure storage;semi-invasive attacks;semi-invasive readout;single-trace readout;Integrated circuits;Inverters;Lasers;Logic gates;Random access memory;Silicon;Transistors;Fully-invasive;IC security;Laser characterization;PUF;Semi-invasive;Tamper-evidence}, 
	doi					= {10.1109/FDTC.2013.19},
}

% Tajik et al.
% Attacks
% 2014
% Physical.Characterization.of.Arbiter.PUFs-Tajik-CHES2014.pdf
% 1 citations on 2015-03-04
@incollection{Tajik2014,
	year				= {2014},
	isbn				= {978-3-662-44708-6},
	booktitle			= {Cryptographic Hardware and Embedded Systems – CHES 2014},
	volume				= {8731},
	series				= {Lecture Notes in Computer Science},
	editor				= {Batina, Lejla and Robshaw, Matthew},
	doi					= {10.1007/978-3-662-44709-3_27},
	title				= {Physical Characterization of Arbiter PUFs},
	publisher			= {Springer Berlin Heidelberg},
	keywords			= {Arbiter PUF; photonic emission analysis; backside; physical characterization},
	author				= {Tajik, Shahin and Dietz, Enrico and Frohmann, Sven and Seifert, Jean-Pierre and Nedospasov, Dmitry and Helfmeier, Clemens and Boit, Christian and Dittrich, Helmar},
	pages				= {493-509},
	language			= {English}
}

% ====================== Cryptography ====================== %
% Armknecht et al.
% Cryptography 
% 2009
% Memory.Leakage-Resilient.Encryption.Based.on.Physically.Unclonable.Functions-Armknecht-2009.pdf
% 37 citations on 2014-09-24
@incollection{Armknecht2009,
	author				= {Armknecht, Frederik and Maes, Roel and Sadeghi, Ahmad-Reza and Sunar, Berk and Tuyls, Pim},
	booktitle			= {Advances in Cryptology – ASIACRYPT 2009},
	title				= {Memory Leakage-Resilient Encryption Based on Physically Unclonable Functions},
	publisher			= {Springer Berlin Heidelberg},
	series				= {Lecture Notes in Computer Science},
	editor				= {Matsui, Mitsuru},
	year				= {2009},
	isbn				= {978-3-642-10365-0},
	volume				= {5912},
	doi					= {10.1007/978-3-642-10366-7_40},
	pages				= {685-702},
	language			= {English}
}

% Aumasson et al. 
% Cryptography 
% 2012
% SipHash.A.Fast.Short-Input.PRF-Aumasson-INDOCRYPT2012.pdf 
% 30 citations on 2015-02-28
@inproceedings{Aumasson2012,
	author				= {Jean{-}Philippe Aumasson and Daniel J. Bernstein},
	title				= {SipHash: {A} Fast Short-Input {PRF}},
	booktitle			= {Progress in Cryptology - {INDOCRYPT} 2012, 13th International Conference on Cryptology in India, Kolkata, India, December 9-12, 2012. Proceedings},
	pages				= {489--508},
	year				= {2012},
	doi					= {10.1007/978-3-642-34931-7_28},
	timestamp			= {Mon, 18 Feb 2013 12:37:16 +0100},
	biburl				= {http://dblp.uni-trier.de/rec/bib/conf/indocrypt/AumassonB12},
	bibsource			= {dblp computer science bibliography, http://dblp.org}
}

% Barker et al.
% Cryptography 
% 2011
% sp800-131A.pdf
% 3 citations on 2015-09-25
@techreport{Nist2011,
	author				= {Barker, Elaine B. and Roginsky, Allen L.},
	title				= {SP 800-131A. Transitions: Recommendation for Transitioning the Use of Cryptographic Algorithms and Key Lengths},
	year				= {2011},
	publisher			= {National Institute of Standards \& Technology},
	address				= {Gaithersburg, MD, United States},
} 

% Dijk and Ruhrmair
% Cryptography 
% 2012
% Physical.Unclonable.Functions.in.Cryptographic.Protocols.Security.Proofs.and.Impossibility.Results-Dijk-2012.pdf
% 17 citations on 2014-09-24
@article{Dijk2012,
	author				= {Marten van Dijk and Ulrich R{\"{u}}hrmair},
	title				= {Physical Unclonable Functions in Cryptographic Protocols: Security Proofs and Impossibility Results},
	journal				= {{IACR} Cryptology ePrint Archive},
	year				= {2012},
	volume				= {2012},
	pages				= {228},
	url					= {http://eprint.iacr.org/2012/228},
	biburl				= {http://dblp.uni-trier.de/rec/bib/journals/iacr/DijkR12},
	bibsource			= {dblp computer science bibliography, http://dblp.org}
}

% Goldreich 
% Cryptography 
% 2004
% Foundations.of.Cryptography-Goldreich-2004.pdf
% 3640 citations on 2015-04-05
@book{Goldreich2004,
	author				= {Goldreich, Oded},
	title				= {Foundations of Cryptography: Basic Tools},
	year				= {2004},
	isbn				= {0521791723},
	publisher			= {Cambridge University Press},
	address				= {New York, NY, USA},
} 

% Paar 
% Cryptography 
% 2009
% Understanding.Cryptography-Paar-2010.pdf
% 282 citations on 2015-04-05
@book{Paar2009,
	title				= {Understanding Cryptography: A Textbook for Students and Practitioners},
	author				= {Paar, C. and Pelzl, J.},
	isbn				= {9783642041013},
	lccn				= {2009940447},
	url					= {http://books.google.com.br/books?id				= f24wFELSzkoC},
	year				= {2009},
}


% =================== Information Theory  ================== %
% Cover et al. 
% Information Theory
% 2006 
% Elements.of.Information.Theory-Cover-2006.pdf
% 31104 citations on 2013-10-06
@book{Cover2006,
	author				= {Cover, Thomas M. and Thomas, Joy A.},
	title				= {Elements of Information Theory (Wiley Series in Telecommunications and Signal Processing)},
	year				= {2006},
	isbn				= {0471241954},
	publisher			= {Wiley-Interscience},
} 

% Gray
% Information Theory
% 1990
% Entropy.and.Information.Theory-Gray-2013.pdf
% 956 citations on 2013-10-06
@book{Gray1990,
	author				= {Gray, Robert M.},
	title				= {Entropy and information theory},
	year				= {1990},
	isbn				= {0-387-97371-0},
	publisher			= {Springer-Verlag New York, Inc.},
	address				= {New York, NY, USA},
} 

% Mackay
% Information Theory
% 2002
% Information.Theory,Inference,and.Learning.Algorithms-Mackay-2002.pdf
% 4926 citations on 2013-10-06
@book{MacKay2002,
	author				= {MacKay, David J. C.},
	title				= {Information Theory, Inference \& Learning Algorithms},
	year				= {2002},
	isbn				= {0521642981},
	publisher			= {Cambridge University Press},
	address				= {New York, NY, USA},
} 

% Wikipedia
% Entropy
@misc{Wikipedia:Entropy,
	title			= {Entropy (Information Theory)},
	howpublished	= {\url{http://en.wikipedia.org/wiki/Entropy\_(information\_theory)}},
	note			= {Web Site. Accessed: 30-Oct-2014},
}

% ============= Physical unclonable functions ============ %

% Armknecht et al.
% Physical unclonable functions
% 2011 
% A.Formal.Foundation.for.the.Security.Features.of.Physical.Functions-Armknecht-2011.pdf
% 49 citations on 2014-05-02
@inproceedings{Armknecht2011,
	author				= {Armknecht, Frederik and Maes, Roel and Sadeghi, Ahmad-Reza and Standaert, Francois-Xavier and Wachsmann, Christian},
	title				= {A Formalization of the Security Features of Physical Functions},
	booktitle			= {Proceedings of the 2011 IEEE Symposium on Security and Privacy},
	series				= {SP '11},
	year				= {2011},
	isbn				= {978-0-7695-4402-1},
	pages				= {397--412},
	numpages			= {16},
	doi					= {10.1109/SP.2011.10},
	acmid				= {2006779},
	publisher			= {IEEE Computer Society},
	address				= {Washington, DC, USA},
	keywords			= {Physically Unclonable Function (PUF), Formal Security Model, Robustness, Unclonability, Unpredictability},
} 

% Bhargava et al.
% Physical unclonable functions
% 2014 
% An.Efficient.Reliable.PUF-Based.Cryptographic.Key.Generator.in.65nm CMOS-Bhargava-DATE2014.pdf
% 0 citations on 2014-05-02
@inproceedings{Bhargava2014, 
	author				= {Bhargava, Mudit and Mai, Ken}, 
	booktitle			= {Design, Automation and Test in Europe Conference and Exhibition (DATE), 2014}, 
	title				= {An efficient reliable PUF-based cryptographic key generator in 65nm CMOS}, 
	year				= {2014}, 
	month				= {March}, 
	pages				= {1-6}, 
	keywords			= {Arrays;Generators;Measurement uncertainty;Random access memory;Reliability;Temperature measurement;Voltage measurement}, 
	doi					= {10.7873/DATE2014.083},
}

% Frikken et al.
% Physical unclonable functions
% 2009 
% Robust.Authentication.Using.Physically.Unclonable.Functions-Frikken-ISC2009.pdf
% 18 citations on 2014-05-02
@incollection{Frikken2009,
	title				= {Robust authentication using physically unclonable functions},
	author				= {Frikken, Keith B and Blanton, Marina and Atallah, Mikhail J},
	booktitle			= {Information Security},
	pages				= {262--277},
	year				= {2009},
	publisher			= {Springer}
}

% Gassend et al
% Physical unclonable functions
% 2002
% Silicon.Physical.Random.Functions-Gassend-CCS02.pdf
% 508 citations on 2014-08-07
@inproceedings{Gassend2002,
	author				= {Gassend, Blaise and Clarke, Dwaine and van Dijk, Marten and Devadas, Srinivas},
	title				= {Silicon Physical Random Functions},
	booktitle			= {Proceedings of the 9th ACM Conference on Computer and Communications Security},
	series				= {CCS '02},
	year				= {2002},
	isbn				= {1-58113-612-9},
	location			= {Washington, DC, USA},
	pages				= {148--160},
	numpages			= {13},
	doi					= {10.1145/586110.586132},
	acmid				= {586132},
	publisher			= {ACM},
	address				= {New York, NY, USA},
	keywords			= {identification, physical random function, physical security, smartcard, tamper resistance, unclonability},
}

% Kalyanaraman et al
% Physical unclonable functions
% 2013
% Novel.Strong.PUF.based.on.Nonlinearity.of.MOSFET.Subthreshold.Operation-Kalyanaraman-HOST2013.pdf
% 2 citations on 2015-01-02 
@inproceedings{Kalyanaraman2013,
	author				= {Kalyanaraman, M. and Orshansky, M.}, 
	booktitle			= {Hardware-Oriented Security and Trust (HOST), 2013 IEEE International Symposium on}, 
	title				= {Novel strong PUF based on nonlinearity of MOSFET subthreshold operation}, 
	year				= {2013}, 
	month				= {June}, 
	pages				= {13-18}, 
	keywords			= {MOSFET;digital control;elemental semiconductors;radial basis function networks;silicon;support vector machines;MOSFET subthreshold operation;Si;XOR delay-based PUF;XOR scrambling;challenge-response pairs;current-voltage behavior;digital control;error reduction;information leakage;inter-class Hamming distance;logistic regression;machine learning attacks;radial basis function kernel;random binary response;response stability;silicon PUF;silicon physical unclonable functions;stochastic variability;subthreshold current array;support vector machine;two-dimensional transistor arrays;Arrays;Computational modeling;Irrigation;Logic gates;Stochastic processes;Switches}, 
	doi					= {10.1109/HST.2013.6581558},
}

% Katzenbeisser et al.
% Physical unclonable functions
% 2012 
% PUFs.Myth,.Fact.or.Busted.A.Security.Evaluation.of.Physically.Unclonable.Functions.(PUFs).Cast.in.Silicon-Katzenbeisser-2012.pdf 
% 30 citations on 2014-05-02
@inproceedings{Katzenbeisser2012,
	author				= {Katzenbeisser, Stefan and Kocaba\c{s}, \"{U}nal and Ro\v{z}i\'{c}, Vladimir and Sadeghi, Ahmad-Reza and Verbauwhede, Ingrid and Wachsmann, Christian},
	title				= {PUFs: Myth, Fact or Busted? A Security Evaluation of Physically Unclonable Functions (PUFs) Cast in Silicon},
	booktitle			= {Proceedings of the 14th International Conference on Cryptographic Hardware and Embedded Systems},
	series				= {CHES'12},
	year				= {2012},
	isbn				= {978-3-642-33026-1},
	location			= {Leuven, Belgium},
	pages				= {283--301},
	numpages			= {19},
	doi					= {10.1007/978-3-642-33027-8_17},
	acmid				= {2413338},
	publisher			= {Springer-Verlag},
	address				= {Berlin, Heidelberg},
	keywords			= {ASIC implementation, evaluation framework, physically unclonable functions (PUFs), robustness, unpredictability},
} 

% Koeberl et al.
% Physical unclonable functions
% 2013 
% Memristor.PUFs.A.New.Generation.of.Memory-based.Physically.Unclonable.Functions-Koeberl-DATE2013.pdf 
% 0 citations on 2013-10-06
@inproceedings{Koeberl2013a, 
	author				={Koeberl, Patrick and Kocabas, Unal and Sadeghi, Ahmad-Reza}, 
	booktitle			={Design, Automation Test in Europe Conference Exhibition (DATE), 2013}, 
	title				={Memristor PUFs: A new generation of memory-based Physically Unclonable Functions}, 
	year				={2013}, 
	pages				={428-431}, 
	doi					={10.7873/date.2013.096}, 
	issn				={1530-1591},
}

% Majzoobi et al.
% Physical unclonable functions
% 2008
% Lightweight.Secure.PUFs-Majzoobi-ICCAD2008.pdf 
% 90 citations on 2014-07-03
@inproceedings{Majzoobi2008b,
	author				= {Majzoobi, M. and Koushanfar, F and Potkonjak, M.}, 
	booktitle			= {Computer-Aided Design, 2008. ICCAD 2008. IEEE/ACM International Conference on}, 
	title				= {Lightweight secure PUFs}, 
	year				= {2008}, 
	month				= {Nov}, 
	pages				= {670-673}, 
	keywords			= {cryptography;embedded systems;field programmable gate arrays;logic CAD;PUF structures;challenge input bits;embedded systems;multiple delay lines;physically unclonable functions;security mechanisms;statistical analysis;Circuits;Delay lines;Design methodology;Embedded system;Feeds;Manufacturing;Reverse engineering;Robustness;Security;Switches}, 
	doi					= {10.1109/ICCAD.2008.4681648}, 
	ISSN				= {1092-3152},
}

% Rostami et al.
% Physical unclonable functions
% 2014
% Robust.and.Reverse-Engineering.Resilient.PUF.Authentication.and.Key-Exchange.by.Substring.Matching-Rostami-2014.pdf
% 0 citations on 2014-05-02
@article{Rostami2014, 
	author				= {Rostami, M. and Majzoobi, M. and Koushanfar, F. and Wallach, D. and Devadas, S.}, 
	journal				= {Emerging Topics in Computing, IEEE Transactions on}, 
	title				= {Robust and Reverse-Engineering Resilient PUF Authentication and Key-Exchange by Substring Matching}, 
	year				= {2014}, 
	month				= {}, 
	volume				= {PP}, 
	number				= {99}, 
	pages				= {1-1}, 
	keywords			= {Physical unclonable functions;hardware security;security protocols}, 
	doi					= {10.1109/TETC.2014.2300635}, 
	ISSN				= {2168-6750},
}

% Rühmair et al.
% Physical unclonable functions
% 2010
% Modeling.Attacks.on.Physical.Unclonable.Functions-Ruhmair-CCS2010.pdf
% 139 citations on 2014-05-02
@inproceedings{Ruhrmair2010,
	author				= {R\"{u}hrmair, Ulrich and Sehnke, Frank and S\"{o}lter, Jan and Dror, Gideon and Devadas, Srinivas and Schmidhuber, J\"{u}rgen},
	title				= {Modeling Attacks on Physical Unclonable Functions},
	booktitle			= {Proceedings of the 17th ACM Conference on Computer and Communications Security},
	series				= {CCS '10},
	year				= {2010},
	isbn				= {978-1-4503-0245-6},
	location			= {Chicago, Illinois, USA},
	pages				= {237--249},
	numpages			= {13},
	doi					= {10.1145/1866307.1866335},
	acmid				= {1866335},
	publisher			= {ACM},
	address				= {New York, NY, USA},
	keywords			= {cryptanalysis, machine learning, physical cryptography, physical unclonable functions},
} 

% Suh et al.
% Physical unclonable functions
% 2007 
% Physical.Unclonable.Functions.for.Device.Authentication.and.Secret.Key.Generation-Suh-DAC2007.pdf 
% 374 citations on 2013-10-06
@inproceedings{Suh2007,
	author				= {Suh, G. Edward and Devadas, Srinivas},
	title				= {Physical unclonable functions for device authentication and secret key generation},
	booktitle			= {Proceedings of the 44th annual Design Automation Conference},
	series				= {DAC '07},
	year				= {2007},
	isbn				= {978-1-59593-627-1},
	location			= {San Diego, California},
	pages				= {9--14},
	numpages			= {6},
	doi					= {10.1145/1278480.1278484},
	acmid				= {1278484},
	publisher			= {ACM},
	address				= {New York, NY, USA},
	keywords			= {IC authentication, secret keys},
} 

% ================ Random Number Generators =============== %
% Barak et al.
% Random number generators
% 2003
% True.Random.Number.Generators.Secure.in.a.Changing.Environment-Barak-CHES2003.pdf
% 74 citations on 2013-10-06
@inproceedings{Barak2003,
	author				= {Boaz Barak and Ronen Shaltiel and Eran Tromer},
	title				= {True Random Number Generators Secure in a Changing Environment},
	booktitle			= {In Workshop on Cryptographic Hardware and Embedded Systems (CHES)},
	year				= {2003},
	pages				= {166--180},
	publisher			= {Springer-Verlag}
}

% O'donell et al.
% Random number generators
% 2004
% PUF-based.random.number.generation-ODonell-2004.pdf
% 33 citations on 2013-10-13
@inproceedings{Odonnell2004,
	author				= {Charles W. O’donnell and G. Edward Suh and Srinivas Devadas},
	title				= {PUF-based random number generation},
	booktitle			= {In MIT CSAIL CSG Technical Memo 481 (http://csg.csail.mit.edu/pubs/memos/Memo-481/Memo-481.pdf)},
	year				= {2004},
}

% Herrewege et al.
% Random number generators
% 2013
% Secure.PRNG.Seeding.on.Commercial.Off-the-Shelf.Microcontrollers-Herrewege-2013.pdf
% 0 citations on 2013-10-06
@article{Herrewege2013,
	author				= {Anthony Van Herrewege and Vincent van der Leest and Andr{\'e} Schaller and Stefan Katzenbeisser and Ingrid Verbauwhede},
	title				= {Secure PRNG Seeding on Commercial Off-the-Shelf Microcontrollers},
	journal				= {IACR Cryptology ePrint Archive},
	volume				= {2013},
	year				= {2013},
	pages				= {304},
	ee					= {http://eprint.iacr.org/2013/304},
	bibsource			= {DBLP, http://dblp.uni-trier.de}
}

% Leest et al.
% Random number generators
% 2012
% Efficient.Implementation.of.True.Random.Number.Generator.Based.on.SRAM.PUFs-Leest-2012.pdf
% 6 citations on 2013-10-06
@incollection{Leest2012,
	year				= {2012},
	isbn				= {978-3-642-28367-3},
	booktitle			= {Cryptography and Security: From Theory to Applications},
	volume				= {6805},
	series				= {Lecture Notes in Computer Science},
	editor				= {Naccache, David},
	doi					= {10.1007/978-3-642-28368-0_20},
	title				= {Efficient Implementation of True Random Number Generator Based on SRAM PUFs},
	publisher			= {Springer Berlin Heidelberg},
	author				= {Leest, Vincent and Sluis, Erik and Schrijen, Geert-Jan and Tuyls, Pim and Handschuh, Helena},
	pages				= {300-318}
}

% Majzoobi et al. 
% Random number generators
% 2011 
% FPGA-Based.True.Random.Number.Generation.Using.Circuit.Metastability.with.Adaptive.Feedback.Control-Majzoobi-2011.pdf 
% 11 citations on 2013-10-06
@inproceedings{Majzoobi2011,
	author				= {Majzoobi, Mehrdad and Koushanfar, Farinaz and Devadas, Srinivas},
	title				= {FPGA-Based true random number generation using circuit metastability with adaptive feedback control},
	booktitle			= {Proceedings of the 13th international conference on Cryptographic hardware and embedded systems},
	series				= {CHES'11},
	year				= {2011},
	isbn				= {978-3-642-23950-2},
	location			= {Nara, Japan},
	pages				= {17--32},
	numpages			= {16},
	url					= {http://dl.acm.org/citation.cfm?id=2044928.2044931},
	acmid				= {2044931},
	publisher			= {Springer-Verlag},
	address				= {Berlin, Heidelberg},
}

% Maurer 
% Random number generators
% 1992
% A.Universal.Statistical.Test.for.Random.Bit.Generators-Maurer-1992.pdf 
% 204 citations on 2013-10-06
@article{Maurer92,
	author				= {Ueli Maurer},
	title				= {A Universal Statistical Test for Random Bit Generators},
	journal				= {Journal of cryptology},
	year				= {1992},
	volume				= {5},
	pages				= {89--105}
}

% ================== Randomness Extractors ================= %
% Rao
% Randomness extractors
% 2007
% Randomness.Extractors.for.Independent.Sources.and.Applications-Rao-Thesis-2007.pdf
% 11 citations on 2013-10-09
@phdthesis{Rao2007,
	author				= {Anup Rao},
	title				= {Randomness Extractors for Independent Sources and Applications},
	school				= {University of Texas at Austin}, 
	year				= {2007},
}

% ================== Security in systems =================== %

% Alkabani et al.
% Security in Hardware
% 2007
% Remote.Activation.of.ICs.for.Piracy.Prevention.and.Digital.Right.Management-Alkabani-ICCAD2007.pdf
% 63 citations on 2014-08-07
@inproceedings{Alkabani2007, 
	author				= {Alkabani, Y. and Koushanfar, F and Potkonjak, M.}, 
	booktitle			= {Computer-Aided Design, 2007. ICCAD 2007. IEEE/ACM International Conference on}, 
	title				= {Remote activation of ICs for piracy prevention and digital right management}, 
	year				= {2007}, 
	month				= {Nov}, 
	pages				= {674-677}, 
	keywords			= {computer crime;copyright;electronics industry;finite state machines;integrated circuit manufacture;logic design;control signals;digital right management;finite state machine;integrated circuit intellectual property;integrated circuit remote activation;modern manufacturing unclonable variability;piracy prevention;standard benchmark circuits;state transition control;unique identification;Companies;Computer science;Databases;Digital integrated circuits;Hardware;Intellectual property;Intrusion detection;Semiconductor device manufacture;Virtual manufacturing;Watermarking}, 
	doi					= {10.1109/ICCAD.2007.4397343}, 
	ISSN				= {1092-3152},
}

% Cacti at HP website. 
% Security in Hardware
@misc{CactiHP,
	title			= {{CACTI}},
	howpublished	= {\url{http://www.hpl.hp.com/research/cacti/}},
	note			= {Web Site. Accessed: 03-Feb-2016},
}
% Arm AMBA2 website
@misc{ARMAMBA2,
	title			= {{AMBA2}},
	howpublished	= {\url{https://static.docs.arm.com/ihi0011/a/IHI0011A_AMBA_SPEC.pdf}},
	note			= {Web Site. Accessed: 26-May-2019},
}


% Champagne et al.
% Security in Hardware
% 2008
% The.Reduced.Address.Space.(RAS).for.Application.Memory.Authentication-Champagne-2008.pdf
% 8 citations on 2015-09-25
@incollection{Champagne2008,
	author				= {Champagne, David and Elbaz, Reouven and Lee, RubyB.},
	title				= {The Reduced Address Space (RAS) for Application Memory Authentication},
	booktitle			= {Information Security},
	publisher			= {Springer Berlin Heidelberg},
	year				= {2008},
	editor				= {Wu, Tzong-Chen and Lei, Chin-Laung and Rijmen, Vincent and Lee, Der-Tsai},
	volume				= {5222},
	series				= {Lecture Notes in Computer Science},
	pages				= {47-63},
	doi					= {10.1007/978-3-540-85886-7_4},
	isbn				= {978-3-540-85884-3},
	keywords			= {Memory authentication; integrity tree; secure computing architecture},
	language			= {English},
}


% Clarke et al. 
% Security in Embedded Devices 
% 2003
% Incremental.Multiset.Hash.Functions.and.Their.Application.to.Memory.Integrity.Checking-Clarke-ASIACRYPT2003.pdf 
% 58 citations on 2015-06-19
@incollection{Clarke2003,
	year				= {2003},
	isbn				= {978-3-540-20592-0},
	booktitle			= {Advances in Cryptology - ASIACRYPT 2003},
	volume				= {2894},
	series				= {Lecture Notes in Computer Science},
	editor				= {Laih, Chi-Sung},
	doi					= {10.1007/978-3-540-40061-5_12},
	title				= {Incremental Multiset Hash Functions and Their Application to Memory Integrity Checking},
	publisher			= {Springer Berlin Heidelberg},
	keywords			= {multiset hash functions; set-collision resistance; multiset-collision resistance; incremental cryptography; memory integrity checking},
	author				= {Clarke, Dwaine and Devadas, Srinivas and van Dijk, Marten and Gassend, Blaise and Suh, G.Edward},
	pages				= {188-207},
	language			= {English}
}

% Elbaz et al. 
% Security in Embedded Devices 
% 2005
% Hardware.Engines.for.Bus.Encryption.a.Survey.of.Existing.Techniques-Elbaz-DATE2005.pdf 
% 37 citations on 2014-08-27
@inproceedings{Elbaz2005,
	author				= {Elbaz, R. and Torres, L. and Sassatelli, G. and Guillemin, P. and Anguille, C. and Buatois, C. and Rigaud, J.B.},
	booktitle			= {Design, Automation and Test in Europe, 2005. Proceedings},
	title				= {Hardware engines for bus encryption: a survey of existing techniques},
	year				= {2005},
	month				= {March},
	pages				= {40-45 Vol. 3},
	keywords			= {cryptography;data privacy;embedded systems;system buses;CPU;PDA;RAM;bus encryption;embedded devices;external memory;hardware engines;mobile phones;pay-TV;portable devices;processor-memory bus communications;Cryptography;Data security;Embedded system;Engines;Hardware;Mobile handsets;Personal digital assistants;Protection;Random access memory;Read-write memory},
	doi					= {10.1109/DATE.2005.170},
	ISSN				= {1530-1591},
}

% Elbaz et al. 
% Security in Embedded Devices 
% 2007
% TEC-Tree.A.Low-Cost,Parallelizable.Tree.for.Efficient.Defense.Against.Memory.Replay.Attacks-Elbaz-CHES2007.pdf 
% 40 citations on 2015-03-07
@incollection{Elbaz2007,
	year				=	{2007},
	isbn				=	{978-3-540-74734-5},
	booktitle			=	{Cryptographic Hardware and Embedded Systems - CHES 2007},
	volume				=	{4727},
	series				=	{Lecture Notes in Computer Science},
	editor				=	{Paillier, Pascal and Verbauwhede, Ingrid},
	doi					=	{10.1007/978-3-540-74735-2_20},
	title				=	{TEC-Tree: A Low-Cost, Parallelizable Tree for Efficient Defense Against Memory Replay Attacks},
	publisher			=	{Springer Berlin Heidelberg},
	keywords			=	{Memory Integrity; Replay Attacks; Physical Attacks; Tamper Evidence; Merkle Trees; Parallelizability; Confidentiality},
	author				=	{Elbaz, Reouven and Champagne, David and Lee, RubyB. and Torres, Lionel and Sassatelli, Gilles and Guillemin, Pierre},
	pages				=	{289-302},
	language			=	{English},
}

% Elbaz et al. 
% Security in Embedded Devices 
% 2009
% Hardware.Mechanisms.for.Memory.Authentication.A.Survey.of.Existing.Techniques.and.Engines-Elbaz-2009.pdf
% 35 citations on 2015-07-28
@incollection{Elbaz2009,
	author				= {Elbaz, Reouven and Champagne, David and Gebotys, Catherine and Lee, Ruby B. and Potlapally, Nachiketh and Torres, Lionel},
	chapter				= {Hardware Mechanisms for Memory Authentication: A Survey of Existing Techniques and Engines},
	title				= {Transactions on Computational Science IV},
	editor				= {Gavrilova, Marina L. and Tan, C. J. and Moreno, Edward David},
	year				= {2009},
	isbn				= {978-3-642-01003-3},
	pages				= {1--22},
	numpages			= {22},
	doi					= {10.1007/978-3-642-01004-0_1},
	acmid				= {1532755},
	publisher			= {Springer-Verlag},
	address				= {Berlin, Heidelberg},
	keywords			= {Active attacks, Board level attacks, Integrity Trees, Memory Authentication, Security, Trusted Computing},
}

% Gassend et al. 
% Security in Embedded Devices 
% 2003
% Cache.And.Hash.Trees.For.Efficient.Memory.Integrity.Verification-Gassend-HPCA2003.pdf
% 238 citations on 2015-03-07
@inproceedings{Gassend2003, 
	author				=	{Gassend, B. and Suh, G.E. and Clarke, D. and van Dijk, M. and Devadas, S.}, 
	booktitle			=	{High-Performance Computer Architecture, 2003. HPCA-9 2003. Proceedings. The Ninth International Symposium on}, 
	title				=	{Caches and hash trees for efficient memory integrity verification}, 
	year				=	{2003}, 
	month				=	{Feb}, 
	pages				=	{295-306}, 
	keywords			=	{cache storage;memory architecture;performance evaluation;tree data structures;certified program execution;hardware cost;hash trees;high performance processor;memory integrity verification;on-processor L2 cache;untrusted external memory;Application software;Bandwidth;Computer science;Coprocessors;Costs;Hardware;Laboratories;Machinery;Protection;Security}, 
	doi					=	{10.1109/HPCA.2003.1183547}, 
	ISSN				=	{1530-0897},
}


% Gebotys
% Security in Embedded Devices 
% 2010
% Security.in.Embedded.Devices-Gebotys-2010.pdf
% 10 citations on 2013-11-03
@book{Gebotys2010,
	title				= {Security in Embedded Devices},
	author				= {Gebotys, C.H.},
	isbn				= {9781441915306},
	lccn				= {2009939496},
	series				= {Embedded systems},
	url					= {http://books.google.com.br/books?id=XPsZAtGC\_V8C},
	year				= {2010},
	publisher			= {Springer}
} 

% Hoffman et al.
% Security in Hardware
% 2015
% 
% Zeeeeeeeeeeeeero citations on 2016-01-24
@inproceedings{Hoffman2015, 
	author				= {Hoffman, C. and Cortes, M. and Aranha, D.F. and Araujo, G.}, 
	booktitle			= {Hardware/Software Codesign and System Synthesis (CODES+ISSS), 2015 International Conference on}, 
	title				= {Computer security by hardware-intrinsic authentication}, 
	year				= {2015}, 
	pages				= {143-152}, 
	keywords			= {Internet of Things;authorisation;cache storage;computer architecture;cryptography;data integrity;system-on-chip;Internet of the things;IoT;SoC;computer security;cryptographic mechanisms;daily-life objects;data authentication process;data authenticity;data integrity;electronic devices;hardware-intrinsic authentication;hardware-intrinsic features;low-cost PUF-based authentication architecture;processor caches;processor microarchitecture;systems-on-chip device design;Authentication;Computer architecture;Cryptography;Performance evaluation;Random access memory;Software}, 
	doi					= {10.1109/CODESISSS.2015.7331377}, 
	month				= {Oct},
}

% Hong et al 
% Security in Embedded Devices 
% 2012
% A.cost-effective.tag.design.for.memory.data.authentication.in.embedded.systems-Hong-CASES2012.pdf
% 0 citations on 2015-03-01
@inproceedings{Hong2012,
	author				= {Hong, Mei and Guo, Hui and Hu, Sharon X.},
	title				= {A Cost-effective Tag Design for Memory Data Authentication in Embedded Systems},
	booktitle			= {Proceedings of the 2012 International Conference on Compilers, Architectures and Synthesis for Embedded Systems},
	series				= {{CASES} '12},
	year				= {2012},
	isbn				= {978-1-4503-1424-4},
	location			= {Tampere, Finland},
	pages				= {17--26},
	numpages			= {10},
	doi					= {10.1145/2380403.2380414},
	acmid				= {2380414},
	publisher			= {ACM},
	address				= {New York, NY, USA},
	keywords			= {embedded systems, low on-chip cost, memory data authentication, tag design},
} 

% Majzoobi et al.
% Security in Hardware
% 2008
% Security.pdf Testing.Techniques.for.Hardware.Security-Majzoobi-ITC2008.pdf 
% 72 citations on 2014-07-03
@inproceedings{Majzoobi2008a,
	author				= {Majzoobi, M. and Koushanfar, F and Potkonjak, M.}, 
	booktitle			= {Test Conference, 2008. ITC 2008. IEEE International}, 
	title				= {Testing Techniques for Hardware Security}, 
	year				= {2008}, 
	month				= {Oct}, 
	pages				= {1-10}, 
	keywordsi			= {data privacy;integrated circuit testing;nondestructive testing;IC security;hardware security testing technique;integrated circuits;nondestructive technique;physically unclonable functions;Circuit testing;Delay;Hardware;Integrated circuit manufacture;Integrated circuit testing;Power system security;Protocols;Research and development;Reverse engineering;System testing}, 
	doi					= {10.1109/TEST.2008.4700636}, 
	ISSN				= {1089-3539},
}

% Sadeghi et al.
% Security in Hardware
% 2010
% Towards.Hardware.Intrinsic.Security-Sadeghi-2010.pdf
% 35 citations on 2015-07-23
@book{Sadeghi2010,
	author				= {Sadeghi, Ahmad-Reza and Naccache, David},
	title				= {Towards Hardware-Intrinsic Security: Foundations and Practice},
	year				= {2010},
	isbn				= {3642144519, 9783642144516},
	edition				= {1st},
	publisher			= {Springer-Verlag New York, Inc.},
	address				= {New York, NY, USA},
} 

% Su et al.
% Security in Hardware
% 2009
% Hardware.Mechanism.and.Performance.Evaluation.of.Hierarchical.Page-Based.Memory.Bus.Protection-Su-DATE2009.pdf 
% 9 citations on 2015-06-19
@inproceedings{Su2009,
	author				= {Lifeng Su and Courcambeck, S. and Guillemin, P. and Schwarz, C. and Pacalet, R.},
	booktitle			= {Design, Automation Test in Europe Conference Exhibition, 2009. DATE '09.},
	title				= {SecBus: Operating System controlled hierarchical page-based memory bus protection},
	year				= {2009},
	month				= {April},
	pages				= {570-573},
	keywords			= {cryptography;microprocessor chips;operating systems (computers);paged storage;system buses;CPU processor;SecBus;hardware cryptographic unit;internal system bus;memory controller;memory pages confidentiality;memory pages integrity;page-based memory bus protection;security context;trusted operating system;Application software;Computer architecture;Control systems;Cryptography;Hardware;Memory management;Operating systems;Protection;Security;System buses},
	doi					= {10.1109/DATE.2009.5090729},
	ISSN				= {1530-1591},
}


% Suh et al.
% Security in Hardware
% 2003
% AEGIS.Architecture.for.Tamper-Evident.and.Tamper-Resistant.Processing-Suh-ICS2003.pdf
% 355 citations on 2014-07-03
@inproceedings{Suh2003a,
	author				= {Suh, G. Edward and Clarke, Dwaine and Gassend, Blaise and van Dijk, Marten and Devadas, Srinivas},
	title				= {AEGIS: Architecture for Tamper-evident and Tamper-resistant Processing},
	booktitle			= {Proceedings of the 17th Annual International Conference on Supercomputing},
	series				= {ICS '03},
	year				= {2003},
	isbn				= {1-58113-733-8},
	location			= {San Francisco, CA, USA},
	pages				= {160--171},
	numpages			= {12},
	doi					= {10.1145/782814.782838},
	acmid				= {782838},
	publisher			= {ACM},
	address				= {New York, NY, USA},
	keywords			= {certified execution, secure processors, software licensing},
} 

% Suh et al.
% Security in Hardware
% 2003
% Efficient.Memory.Integrity.Verification.and.Encryption.for.Secure.Processors-Suh-MICRO2003.pdf
% 209 citations on 2015-06-19
@inproceedings{Suh2003b,
	author				= {Suh, G.E. and Clarke, D. and Gasend, B. and van Dijk, M. and Devadas, S.},
	booktitle			= {Microarchitecture, 2003. MICRO-36. Proceedings. 36th Annual IEEE/ACM International Symposium on},
	title				= {Efficient memory integrity verification and encryption for secure processors},
	year				= {2003},
	month				= {Dec},
	pages				= {339-350},
	keywords			= {cache storage;computer crime;cryptography;formal verification;memory architecture;commercial grid computing;digital rights managment;encryption;memory integrity verification;secure mobile agents;single-chip secure processors;software attacks;software copy-protection;Application software;Artificial intelligence;Computer science;Computer security;Cryptography;Grid computing;Hardware;Mobile agents;Read-write memory;Tellurium},
	doi					= {10.1109/MICRO.2003.1253207},
}


% Suh et al.
% Security in Hardware
% 2005
% Design.and.Implementation.of.the.AEGIS.Single-Chip.Secure.Processor.Using.Physical.Random.Functions-Suh-ISCA05.pdf
% 163 citations on 2014-08-07
@inproceedings{Suh2005,
	author				= {Suh, G. Edward and O'Donnell, Charles W. and Sachdev, Ishan and Devadas, Srinivas},
	title				= {Design and Implementation of the AEGIS Single-Chip Secure Processor Using Physical Random Functions},
	booktitle			= {Proceedings of the 32Nd Annual International Symposium on Computer Architecture},
	series				= {ISCA '05},
	year				= {2005},
	isbn				= {0-7695-2270-X},
	pages				= {25--36},
	numpages			= {12},
	doi					= {10.1109/ISCA.2005.22},
	acmid				= {1069974},
	publisher			= {IEEE Computer Society},
	address				= {Washington, DC, USA},
} 

% ================== Test and Reliability ================== %

% Appello et al. 
% Test and Reliability
% 2002
% A.BIST-based.solution.for.the.diagnosis.of.embedded.memories.adopting.image.processing.techniques-Appello-OLT2002.pdf
% 11 citations on 2015-03-24
@inproceedings{Appello2012, 
	author				= {Appello, D. and Fudoli, A. and Tancorre, V. and Corno, F. and Rebaudengo, M. and Reorda, M.S.}, 
	booktitle			= {Memory Technology, Design and Testing, 2002. (MTDT 2002). Proceedings of the 2002 IEEE International Workshop on}, 
	title				= {A BIST-based solution for the diagnosis of embedded memories adopting image processing techniques}, 
	year				= {2002}, 
	month				= {}, 
	pages				= {12-16}, 
	keywords			= {Hough transforms;automatic testing;built-in self test;fault diagnosis;image classification;integrated circuit testing;integrated memory circuits;logic testing;random-access storage;ATE test program;BIST;BIST-based solution;Hough transform;P1500 compliant solution;STMicroelectronics;data extraction flow scheduling;dedicated circuitry;diagnostic process;embedded RAMs;embedded memories;failure data;fault classification;faulty cells bitmap analysis;image processing techniques;multiple cores;scalable test data extraction;standard IEEE 1149.1 TAP;Acceleration;Built-in self-test;Circuit faults;Circuit testing;Costs;Data mining;Fault diagnosis;Image analysis;Image processing;Random access memory}, 
	doi					= {10.1109/MTDT.2002.1029757}, 
	ISSN				= {1087-4852},
}

% Kim et al. 
% Test and Reliability
% 1997
% Assessing.SRAM.Test.Coverage.for.Sub–Micron.CMOS.Technologies-Kim-VTS1997.pdf
% 8 citations on 2015-03-24
@inproceedings{Kim1997, 
	author				= {Vonkyoung Kim and Chen, T.}, 
	booktitle			= {VLSI Test Symposium, 1997., 15th IEEE}, 
	title				= {Assessing SRAM test coverage for sub-micron CMOS technologies}, 
	year				= {1997}, 
	month				= {Apr}, 
	pages				= {24-30}, 
	keywords			= {CMOS memory circuits;SRAM chips;fault diagnosis;integrated circuit testing;probability;0.5 to 1 mum;SRAM test coverage assessment;coupling faults;data retention faults;functional fault class coverages;memory array;memory fault coverages;memory fault probability model;memory test algorithms;physical defects;stuck-at faults;stuck-open faults;submicron CMOS technologies;transition faults;CMOS process;CMOS technology;Data mining;Manufacturing;Predictive models;Probability distribution;Random access memory;SRAM chips;Semiconductor device modeling;Testing}, 
	doi					= {10.1109/VTEST.1997.599437}, 
	ISSN				= {1093-0167},
}

% Koeberl et al. 
% Test and Reliability
% 2013
% A.Spatial.Majority.Voting.Technique.to.Reduce.Error.Rate.of.Physically.Unclonable.Functions-Koeberl-INTRUST2013.pdf 
% 0 citations on 2016-01-25
@inproceedings{Koeberl2013b,
	author				= {Koeberl, Patrick and Li, Jiangtao and Wu, Wei},
	title				= {A Spatial Majority Voting Technique to Reduce Error Rate of Physically Unclonable Functions},
	booktitle			= {Proceedings of the 5th International Conference on Trusted Systems - Volume 8292},
	series				= {INTRUST 2013},
	year				= {2013},
	isbn				= {978-3-319-03490-4},
	location			= {Graz, Austria},
	pages				= {36--52},
	numpages			= {17},
	doi					= {10.1007/978-3-319-03491-1_3},
	acmid				= {2694574},
	publisher			= {Springer-Verlag New York, Inc.},
	address				= {New York, NY, USA},
} 


% Maes et al.
% Test and Reliability
% 2009
% Low-Overhead.Implementation.of.a.Soft.Decision.Helper.Data.Algorithm.for.SRAM.PUFs-Maes-CHES2009.pdf
% 49 citations on 2015-02-28
@inproceedings{Maes2009a, 
	author				= {Maes, R. and Tuyls, P. and Verbauwhede, I.}, 
	booktitle			= {Information Theory, 2009. ISIT 2009. IEEE International Symposium on}, 
	title				= {A soft decision helper data algorithm for SRAM PUFs}, 
	year				= {2009}, 
	month				= {June}, 
	pages				= {2101-2105}, 
	keywords			= {SRAM chips;cryptography;entropy;fuzzy systems;logic design;SRAM;cryptographic key generation;fuzzy secret minentropy;physically unclonable functions;soft decision helper data algorithm;soft decision information;Biometrics;Coatings;Counterfeiting;Cryptography;Data mining;Hardware;Humans;Information security;Manufacturing;Random access memory}, 
	doi					= {10.1109/ISIT.2009.5205263},
}

% Maes et al.
% Test and Reliability
% 2009
% Low-Overhead.Implementation.of.a.Soft.Decision.Helper.Data.Algorithm.for.SRAM.PUFs-Maes-CHES2009.pdf
% 76 citations on 2015-02-28
@inproceedings{Maes2009b, 
	author				= {Roel Maes and Pim Tuyls and Ingrid Verbauwhede},
	title				= {Low-Overhead Implementation of a Soft Decision Helper Data Algorithm for {SRAM} PUFs},
	booktitle			= {Cryptographic Hardware and Embedded Systems - {CHES} 2009, 11th International Workshop, Lausanne, Switzerland, September 6-9, 2009, Proceedings},
	pages				= {332--347},
	year				= {2009},
	doi					= {10.1007/978-3-642-04138-9_24},
	timestamp			= {Mon, 31 Aug 2009 14:45:37 +0200},
	biburl				= {http://dblp.uni-trier.de/rec/bib/conf/ches/MaesTV09},
	bibsource			= {dblp computer science bibliography, http://dblp.org}
}

% Selva et al.
% Test and Reliability
% 2004
% A.programmable.built-in.self-diagnosis.for.embedded.SRAM-Selva-MTDT2004.pdf
% 5 citations on 2015-02-28
@inproceedings{Selva2004,
	author				= {Selva, Carolina and Torelli, Cosimo and Rimondi, Danilo and Zappa, Rita and Corbani, Stefano and Mastrodomenico, Giovanni and Albani, Lara},
	title				= {A Programmable Built-in Self-Diagnosis for Embedded SRAM},
	booktitle			= {Proceedings of the Records of the 2004 International Workshop on Memory Technology, Design and Testing},
	series				= {MTDT '04},
	year				= {2004},
	isbn				= {0-7695-2193-2},
	pages				= {84--89},
	numpages			= {6},
	url					= {http://dl.acm.org/citation.cfm?id=1078036.1079747},
	acmid				= {1079747},
	publisher			= {IEEE Computer Society},
	address				= {Washington, DC, USA},
} 

% Thoziyoor et al.
% Test and Reliability
% 2008
% A.Comprehensive.Memory.Modeling.Tool.and.its.Application.to.the.Design.and.Analysis.of.Future.Memory.Hierarchies-Thoziyoor-ISCA2008.pdf
% 175 citations on 2016-01-25
@inproceedings{Thoziyoor2008,
	author				= {Thoziyoor, Shyamkumar and Ahn, Jung Ho and Monchiero, Matteo and Brockman, Jay B. and Jouppi, Norman P.},
	title				= {A Comprehensive Memory Modeling Tool and Its Application to the Design and Analysis of Future Memory Hierarchies},
	booktitle			= {Proceedings of the 35th Annual International Symposium on Computer Architecture},
	series				= {ISCA '08},
	year				= {2008},
	isbn				= {978-0-7695-3174-8},
	pages				= {51--62},
	numpages			= {12},
	doi					= {10.1109/ISCA.2008.16},
	acmid				= {1382127},
	publisher			= {IEEE Computer Society},
	address				= {Washington, DC, USA},
	keywords			= {LLC, CACTI, cache, SRAM, commodity DRAM, logic-process based DRAM},
}


@misc{Leon,
	title			= {LEON3 Processor - Gaisler},
	howpublished	= {\url{http://www.gaisler.com/index.php/products/processors/leon3}},
	note			= {Web Site. Accessed: 08-Feb-2017},
}


% Bobade
% Architecture
% 2015
% Developing.Configurable.Security.Algorithms.for.Embedded.System.Storage-Bobade-2015.pdf
% X citations on 2018-03-29
@article{Bobade2015:SecurityFPGA,
  title       = {Developing Configurable Security Algorithms for Embedded System Storage},
  author        = {Bobade, Sunil D and Mankar, Vijay R},
  journal       = {International Journal of Computer Science and Telecommunications},
  year        = {2015},
  volume        = {6},
  number        = {7},
  month       = {July},
}

% Davi et al. 
% Architecture
% 2015
% HAFIX.Hardware.assisted.Flow.Integrity.Extension-Davi-2015.pdf
% X citations on 2018-06-13
@inproceedings{Davi2015:HAFIX,
  author        = {Davi, Lucas and Hanreich, Matthias and Paul, Debayan and Sadeghi, Ahmad-Reza and Koeberl, Patrick and Sullivan, Dean and Arias, Orlando and Jin, Yier},
  title       = {HAFIX: Hardware-assisted Flow Integrity Extension},
  booktitle     = {Proceedings of the 52Nd Annual Design Automation Conference},
  series        = {DAC '15},
  year        = {2015},
  isbn        = {978-1-4503-3520-1},
  location      = {San Francisco, California},
  pages       = {74:1--74:6},
  articleno     = {74},
  numpages      = {6},
  url         = {http://doi.acm.org/10.1145/2744769.2744847},
  doi         = {10.1145/2744769.2744847},
  acmid       = {2744847},
  publisher     = {ACM},
  address       = {New York, NY, USA},
}

% Deng et al. 
% Architecture
% 2010
% Authentication.of.Processor.Hardware.Leveraging.Performance.Limits.in.Detailed.Simulations.and.Emulations-Deng-2010.pdf
% X citations on 2018-03-29
@inbook{Deng2010:AuthenticationofProcessorHardwareLeveraging,
  author        = {Deng, Daniel Y. and Chan, Andrew H. and Suh, G. Edward},
  editor        = {Sadeghi, Ahmad-Reza and Naccache, David},
  title       = {Authentication of Processor Hardware Leveraging Performance Limits in Detailed Simulations and Emulations},
  bookTitle     = {Towards Hardware-Intrinsic Security: Foundations and Practice},
  year        = {2010},
  publisher     = {Springer Berlin Heidelberg},
  address       = {Berlin, Heidelberg},
  pages       = {309--329},
  abstract      = {As the need for secure and trusted computation escalates, hardware architecture, in addition to traditional software techniques, is playing an increasingly important role in securing computer systems. Hardware serves as a foundation for trust in software; software security mechanisms can be compromised if hardware is insecure. Moreover, trusted hardware is starting to provide new security features. Recent Intel microprocessors are enhanced with Trusted eXecution Technology (TXT) [8] and many computing systems are already equipped with a trusted platform module (TPM) [22].},
  isbn        = {978-3-642-14452-3},
  doi         = {10.1007/978-3-642-14452-3_14},
  url         = {https://doi.org/10.1007/978-3-642-14452-3_14},
}

% Fiskiran
% Architecture
% 2004
% Runtime.execution.monitoring.REM.to.detect.and.prevent.malicious.code.execution-Fiskiran-2004.pdf
% X citations on 2018-03-29
@inproceedings{Fiskiran2004:RuntimeexecutionmonitoringREM,
  author        = {A. M. Fiskiran and R. B. Lee},
  booktitle     = {IEEE International Conference on Computer Design: VLSI in Computers and Processors, 2004. ICCD 2004. Proceedings.},
  title       = {Runtime execution monitoring (REM) to detect and prevent malicious code execution},
  year        = {2004},
  volume        = {},
  number        = {},
  pages       = {452-457},
  keywords      = {cache storage;file organisation;memory architecture;message authentication;program verification;computer security;instruction cache memory;keyed message authentication code;malicious code execution;program code verification;program flow anomalies;runtime execution monitoring;unauthorized foreign code;victim computer;Computer architecture;Computer crime;Computer security;Computer viruses;Computer worms;Computerized monitoring;Cryptography;Degradation;Invasive software;Runtime},
  doi         = {10.1109/ICCD.2004.1347961},
  ISSN        = {1063-6404},
  month       = {Oct},
}

% Gelbart et al. 
% Architecture
% 2005
% CODESSEAL.Compiler.FPGA.Approach.to.Secure.Applications-Gelbart-2005.pdf
% X citations on 2018-03-29
@inproceedings{Gelbart2005:CODESSEAL,
  author        = {Gelbart, Olga and Ott, Paul and Narahari, Bhagirath and Simha, Rahul and Choudhary, Alok and Zambreno, Joseph},
  editor        = {Kantor, Paul and Muresan, Gheorghe and Roberts, Fred and Zeng, Daniel D. and Wang, Fei-Yue and Chen, Hsinchun and Merkle, Ralph C.},
  title       = {CODESSEAL: Compiler/FPGA Approach to Secure Applications},
  booktitle     = {Intelligence and Security Informatics},
  year        = {2005},
  publisher     = {Springer Berlin Heidelberg},
  address       = {Berlin, Heidelberg},
  pages       = {530--535},
  abstract      = {The science of security informatics has become a rapidly growing field involving different branches of computer science and information technologies. Software protection, particularly for security applications, has become an important area in computer security. This paper proposes a joint compiler/hardware infrastructure -- CODESSEAL -- for software protection for fully encrypted execution in which both program and data are in encrypted form in memory. The processor is supplemented with an FPGA-based secure hardware component that is capable of fast encryption and decryption, and performs code integrity verification, authentication, and provides protection of the execution control flow. This paper outlines the CODESSEAL approach, the architecture, and presents preliminary performance results.},
  isbn        = {978-3-540-32063-0},
}

% Hong
% Architecture
% 2010
% FEDTIC.A.Security.Design.for.Embedded.Systems.with.Insecure.External.Memory-Hong-2010.pdf
% X citations on 2018-03-29
@inproceedings{Hong2010:FEDTIC,
  author        = {Hong, Mei and Guo, Hui},
  editor        = {Kim, Tai-hoon and Lee, Young-hoon and Kang, Byeong-Ho and {\'{S}}l{k{e}}zak, Dominik},
  title       = {FEDTIC: A Security Design for Embedded Systems with Insecure External Memory},
  booktitle     = {Future Generation Information Technology},
  year        = {2010},
  publisher     = {Springer Berlin Heidelberg},
  address       = {Berlin, Heidelberg},
  pages       = {365--375},
  abstract      = {This paper presents a security design for embedded systems that have a secure on-chip computing environment and an insecure off-chip memory. The design protects the confidentiality and integrity of data at a low cost on performance and memory consumption. We implemented the design based on the SimpleScalar simulation software. Our simulation on a set of benchmarks shows that very little overhead is incurred for on-chip memory, and the average overheads on performance and off-chip memory, are only 7.6{\%} and 6.25{\%} respectively.},
  isbn        = {978-3-642-17569-5},
}

% Kanuparthi et al. 
% Architecture
% 2012
% Architecture.Support.for.Dynamic.Integrity.Checking-Kanuparthi-2012.pdf
% X citations on 2018-03-29
@article{Kanuparthi2012:DynamicIntegrity,
  author        = {A. K. Kanuparthi and M. Zahran and R. Karri},
  journal       = {IEEE Transactions on Information Forensics and Security},
  title       = {Architecture Support for Dynamic Integrity Checking},
  year        = {2012},
  volume        = {7},
  number        = {1},
  pages       = {321-332},
  keywords      = {computer architecture;trusted computing;TOCTOU attacks;TPM architectures;architecture support;baseline processor;cycle-accurate simulator;dynamic integrity checking;general purpose computer system security;malicious code execution;platform authentication;program dynamic execution traces;runtime integrity checking;sensitive data leak;superscalar pipeline;time of check;time of use;trusted platform module;Computer architecture;Cryptography;Pipelines;Semiconductor device measurement;Software;System-on-a-chip;Computers and information processing;computer architecture;computer security},
  doi         = {10.1109/TIFS.2011.2166960},
  ISSN        = {1556-6013},
  month       = {Feb},
}

% Kim et al. 
% Architecture
% 2010
% Toward.reliable.SRAM.based.device.identification-Kim-2010.pdf
% X citations on 2018-03-29
@inproceedings{Kim2010:TowardreliableSRAMbaseddevice,
  author        = {J. Kim and J. Lee and J. A. Abraham},
  booktitle     = {2010 IEEE International Conference on Computer Design},
  title       = {Toward reliable SRAM-based device identification},
  year        = {2010},
  volume        = {},
  number        = {},
  pages       = {313-320},
  keywords      = {SRAM chips;integrated circuit reliability;SRAM-based device identification;embedded SRAM memory;integrated circuit identification;score-fusion-based matching;security applications;Accuracy;Databases;Error analysis;High definition video;Inverters;Random access memory;Temperature measurement},
  doi         = {10.1109/ICCD.2010.5647724},
  ISSN        = {1063-6404},
  month       = {Oct},
}

% Koeberl et al. 
% Architecture
% 2014
% TrustLite.A.Security.Architecture.for.Tiny.Embedded.Devices-Koeberl-2014.pdf
% X citations on 2018-03-29
@inproceedings{Koeberl2014:TrustLiteASecurityArchitecture,
  author        = {Koeberl, Patrick and Schulz, Steffen and Sadeghi, Ahmad-Reza and Varadharajan, Vijay},
  title       = {TrustLite: A Security Architecture for Tiny Embedded Devices},
  booktitle     = {Proceedings of the Ninth European Conference on Computer Systems},
  series        = {EuroSys '14},
  year        = {2014},
  isbn        = {978-1-4503-2704-6},
  location      = {Amsterdam, The Netherlands},
  pages       = {10:1--10:14},
  articleno     = {10},
  numpages      = {14},
  url         = {http://doi.acm.org/10.1145/2592798.2592824},
  doi         = {10.1145/2592798.2592824},
  acmid       = {2592824},
  publisher     = {ACM},
  address       = {New York, NY, USA},
}

% Lee et al. 
% Architecture
% 2005
% Architecture.for.Protecting.Critical.Secrets.in.Microprocessors-Lee-2005.pdf
% X citations on 2018-03-29
@article{Lee2005:CriticalSecrets,
  author        = {Lee, Ruby B. and Kwan, Peter C. S. and McGregor, John P. and Dwoskin, Jeffrey and Wang, Zhenghong},
  title       = {Architecture for Protecting Critical Secrets in Microprocessors},
  journal       = {SIGARCH Comput. Archit. News},
  date        = {May 2005},
  volume        = {33},
  number        = {2},
  year        = {2005},
  issn        = {0163-5964},
  pages       = {2--13},
  numpages      = {12},
  url         = {http://doi.acm.org/10.1145/1080695.1069971},
  doi         = {10.1145/1080695.1069971},
  acmid       = {1069971},
  publisher     = {ACM},
  address       = {New York, NY, USA},
}

% Lie et al. 
% Architecture
% 2000
% Architectural.Support.for.Copy.and.Tamper.Resistant.Software-Lie-2000.pdf
% X citations on 2018-03-29
@article{Lie2000:ArchitecturalSupportforCopyand,
  author        = {Lie, David and Thekkath, Chandramohan and Mitchell, Mark and Lincoln, Patrick and Boneh, Dan and Mitchell, John and Horowitz, Mark},
  title       = {Architectural Support for Copy and Tamper Resistant Software},
  journal       = {SIGPLAN Not.},
  date        = {Nov. 2000},
  volume        = {35},
  number        = {11},
  year        = {2000},
  issn        = {0362-1340},
  pages       = {168--177},
  numpages      = {10},
  url         = {http://doi.acm.org/10.1145/356989.357005},
  doi         = {10.1145/356989.357005},
  acmid       = {357005},
  publisher     = {ACM},
  address       = {New York, NY, USA},
}

% Liu et al. 
% Architecture
% 2013
% Off.Chip.Memory.Encryption.and.Integrity.Protection.Based.on.AES.GCM.in.Embedded.Systems-Liu-2013.pdf
% X citations on 2018-03-29
@article{Liu2013:OffChipMemoryEncryption,
  author        = {Z. Liu and Q. Zhu and D. Li and X. Zou},
  journal       = {IEEE Design Test},
  title       = {Off-Chip Memory Encryption and Integrity Protection Based on AES-GCM in Embedded Systems},
  year        = {2013},
  volume        = {30},
  number        = {5},
  pages       = {54-62},
  keywords      = {cryptography;random-access storage;system-on-chip;AES-GCM;data confidentiality;data integrity;embedded systems;integrity protection;low-overhead architecture;off-chip RAM;off-chip memory encryption;off-chip random access memory;system-on-chip part;Computer security;Embedded systems;Encryption;Random access memory;Semiconductor devices;AES-GCM;Hardware Architecture;Memory Encryption;Memory Integrity},
  doi         = {10.1109/MDAT.2013.2255912},
  ISSN        = {2168-2356},
  month       = {Oct},
}

% Nemani
% Architecture
% 1999
% High.level.area.and.power.estimation.for.VLSI.circuits-Nemani-1999.pdf
% X citations on 2018-06-20
@article{Nemani1999:Area-Power,
  author        = {M. Nemani and F. N. Najm},
  journal       = {IEEE Transactions on Computer-Aided Design of Integrated Circuits and Systems},
  title       = {High-level area and power estimation for VLSI circuits},
  year        = {1999},
  volume        = {18},
  number        = {6},
  pages       = {697-713},
  keywords      = {Boolean functions;VLSI;capacitance;combinational circuits;high level synthesis;multivalued logic circuits;Boolean equations;VLSI circuits;area complexity;capacitance estimates;circuit average activity;equivalent single output function;functional description;gate count estimates;high-level area estimation;high-level design specification;high-level power estimation;multi-output combinational logic;optimal multilevel implementation;register-transfer level description;total capacitance;Boolean functions;Capacitance;Combinational circuits;Design automation;Equations;Libraries;Power dissipation;Registers;Switching circuits;Very large scale integration},
  doi         = {10.1109/43.766722},
  ISSN        = {0278-0070},
  month       = {Jun},
}

% Ranasinghe et al. 
% Architecture
% 2008
% A.Low.Cost.Solution.to.Cloning.and.Authentication.Based.on.a.Lightweight.Primitive-Ranasinghe-2008.pdf
% X citations on 2018-03-29
@inbook{Ranasinghe2008:ALowCostSolution,
  author        = {Ranasinghe, Damith C. and Devadas, Srinivas and Cole, Peter H.},
  editor        = {Cole, Peter H. and Ranasinghe, Damith C.},
  title       = {A Low Cost Solution to Cloning and Authentication Based on a Lightweight Primitive},
  bookTitle     = {Networked RFID Systems and Lightweight Cryptography: Raising Barriers to Product Counterfeiting},
  year        = {2008},
  publisher     = {Springer Berlin Heidelberg},
  address       = {Berlin, Heidelberg},
  pages       = {289--309},
  abstract      = {This paper proposes a solution to address the issue of authentication to prevent counterfeiting in a low cost RFID based system based on using a lightweight primitive, Physically Unclonable Functions.},
  isbn        = {978-3-540-71641-9},
  doi         = {10.1007/978-3-540-71641-9_17},
  url         = {https://doi.org/10.1007/978-3-540-71641-9_17},
}

% Rogers et al. 
% Architecture
% 2007
% A.low.overhead.hardware.technique.for.software.integrity.and.confidentiality-Rogers-2007.pdf
% X citations on 2018-03-29
@inproceedings{Rogers2007:LowOverhead,
  author        = {A. Rogers and M. Milenkovic and A. Milenkovic},
  booktitle     = {2007 25th International Conference on Computer Design},
  title       = {A low overhead hardware technique for software integrity and confidentiality},
  year        = {2007},
  volume        = {},
  number        = {},
  pages       = {113-120},
  keywords      = {cryptography;data integrity;digital signatures;embedded systems;program verification;cryptographic secure signature;embedded computer system;embedded signature;instruction block encryption;low overhead hardware technique;malicious action;one-time-pad encryption;parallelizable signature;program execution verification;software confidentiality;software integrity protection;unverified instruction conditional execution;Availability;Buffer overflow;Cryptography;Embedded software;Hardware;Pervasive computing;Programming profession;Protection;Reverse engineering;Splicing},
  doi         = {10.1109/ICCD.2007.4601889},
  ISSN        = {1063-6404},
  month       = {Oct},
}

% Sepulveda et al. 
% Architecture
% 2018
% SEPUFSoC.Using.PUFs.for.Memory.Integrity.and.Authentication.in.Multi.Processors.System.on.Chip-Sepulveda-2018.pdf
% X citations on 2018-06-13
@inproceedings{Sepulveda2018:CSHIA,
  author        = {Sepulveda, Johanna and Willgerodt, Felix and Pehl, Michael},
  title       = {SEPUFSoC: Using PUFs for Memory Integrity and Authentication in Multi-Processors System-on-Chip},
  booktitle     = {Proceedings of the 2018 on Great Lakes Symposium on VLSI},
  series        = {GLSVLSI '18},
  year        = {2018},
  isbn        = {978-1-4503-5724-1},
  location      = {Chicago, IL, USA},
  pages       = {39--44},
  numpages      = {6},
  url         = {http://doi.acm.org/10.1145/3194554.3194562},
  doi         = {10.1145/3194554.3194562},
  acmid       = {3194562},
  publisher     = {ACM},
  address       = {New York, NY, USA},
  keywords      = {authentication, mpsoc, puf, security},
}

% Suh et al. 
% Architecture
% 2004
% Secure.Program.Execution.via.Dynamic.Information.Flow.Tracking-Suh-2004.pdf
% X citations on 2018-03-29
@article{Suh2004:SecureProgramExecutionviaDynamic,
  author        = {Suh, G. Edward and Lee, Jae W. and Zhang, David and Devadas, Srinivas},
  title       = {Secure Program Execution via Dynamic Information Flow Tracking},
  journal       = {SIGARCH Comput. Archit. News},
  date        = {December 2004},
  volume        = {32},
  number        = {5},
  year        = {2004},
  issn        = {0163-5964},
  pages       = {85--96},
  numpages      = {12},
  url         = {http://doi.acm.org/10.1145/1037947.1024404},
  doi         = {10.1145/1037947.1024404},
  acmid       = {1024404},
  publisher     = {ACM},
  address       = {New York, NY, USA},
  keywords      = {buffer overflow, format string, hardware tagging},
}

% Vaslin et al. 
% Architecture
% 2006
% Secure.architecture.in.embedded.systems.an.overview-Vaslin-2006.pdf
% X citations on 2018-03-29
@inproceedings{Vaslin2006:Securearchitectureinembedded,
  TITLE       = {{Secure architecture in embedded systems: an overview}},
  AUTHOR        = {Vaslin, Romain and Gogniat, Guy and Diguet, Jean-Philippe},
  URL         = {https://hal.archives-ouvertes.fr/hal-00124412},
  BOOKTITLE     = {{Reconfigurable communication-centric Socs 2006}},
  ADDRESS       = {Montpellier, France},
  PAGES       = {xx},
  YEAR        = {2006},
  KEYWORDS      = {security ; embedded system ; cryptography},
  PDF         = {https://hal.archives-ouvertes.fr/hal-00124412/file/recosoc06.pdf},
  ID          = {hal-00124412},
  VERSION       = {v1},
}

% Vaslin et al. 
% Architecture
% 2006
% Trusted.computing.A.new.challenge.for.embedded.systems-Vaslin-2006.pdf
% X citations on 2018-03-29
@inproceedings{Vaslin2006:TrustedcomputingAnew,
  author        = {R. Vaslin and G. Gogniat and J. P. Diguet and A. Pegatoquet},
  booktitle     = {2006 13th IEEE International Conference on Electronics, Circuits and Systems},
  title       = {Trusted computing - A new challenge for embedded systems},
  year        = {2006},
  volume        = {},
  number        = {},
  pages       = {776-779},
  keywords      = {electronic data interchange;embedded systems;mobile computing;program processors;security of data;data exchanges;embedded systems;mobile device development;processor-based solutions;programs protection;security issues;trusted computing;Communication system security;Computer architecture;Cryptography;Data security;Embedded computing;Embedded system;Engines;Hardware;Instruments;Power system protection},
  doi         = {10.1109/ICECS.2006.379904},
  ISSN        = {},
  month       = {Dec},
}

% Vaslin et al. 
% Architecture
% 2009
% A.security.approach.for.off.chip.memory.in.embedded.microprocessor.systems-Vaslin-2009.pdf
% X citations on 2018-03-29
@article{Vaslin2009:OTP,
  title       = {A security approach for off-chip memory in embedded microprocessor systems},
  journal       = {Microprocessors and Microsystems},
  volume        = {33},
  number        = {1},
  pages       = {37 - 45},
  year        = {2009},
  note        = {Selected Papers from ReCoSoC 2007 (Reconfigurable Communication-centric Systems-on-Chip)},
  issn        = {0141-9331},
  doi         = {https://doi.org/10.1016/j.micpro.2008.08.008},
  url         = {http://www.sciencedirect.com/science/article/pii/S0141933108000823},
  author        = {Romain Vaslin and Guy Gogniat and Jean-Philippe Diguet and Eduardo Wanderley and Russell Tessier and Wayne Burleson},
  keywords      = {Embedded systems, Security, Hardware architecture, FPGA},
}

% Wang et al. 
% Architecture
% 2016
% Hardware.Performance.Counter.Based.Malware.Identification.and.Detection.with.Adaptive.Compressive.Sensing-Wang-2016.pdf
% X citations on 2018-03-29
@article{Wang2016:HardwarePerformanceCounterBasedMalware,
  author        = {Wang, Xueyang and Chai, Sek and Isnardi, Michael and Lim, Sehoon and Karri, Ramesh},
  title       = {Hardware Performance Counter-Based Malware Identification and Detection with Adaptive Compressive Sensing},
  journal       = {ACM Trans. Archit. Code Optim.},
  date        = {April 2016},
  volume        = {13},
  number        = {1},
  year        = {2016},
  issn        = {1544-3566},
  pages       = {3:1--3:23},
  articleno     = {3},
  numpages      = {23},
  url         = {http://doi.acm.org/10.1145/2857055},
  doi         = {10.1145/2857055},
  acmid       = {2857055},
  publisher     = {ACM},
  address       = {New York, NY, USA},
  keywords      = {Hardware performance counters, compressive sensing, malware identification and detection},
}

% Yang et al. 
% Architecture
% 2003
% Fast.Secure.Processor.for.Inhibiting.Software.Piracy.and.Tampering-Yang-2003.pdf
% X citations on 2018-03-29
@inproceedings{Yang2003:XOM,
  author        = {Yang, Jun and Zhang, Youtao and Gao, Lan},
  title       = {Fast Secure Processor for Inhibiting Software Piracy and Tampering},
  booktitle     = {Proceedings of the 36th Annual IEEE/ACM International Symposium on Microarchitecture},
  series        = {MICRO 36},
  year        = {2003},
  isbn        = {0-7695-2043-X},
  pages       = {351--},
  url         = {http://dl.acm.org/citation.cfm?id=956417.956576},
  acmid       = {956576},
  publisher     = {IEEE Computer Society},
  address       = {Washington, DC, USA},
}

% This File is sorted as follow:
% 1) Area.
% 2) Last name of the first author.
% 3) Year of issuing.
% 4) Article name.
% 5) Citations.
%
% Compiled by Caio.

% ========================= Attacks ======================== %

% Becker 
% Attacks
% 2014
% Active.and.Passive.Side-Channel.Attacks.on.Delay.Based.PUF.Designs-Becker-2014.pdf
% 14 citations on 2016-05-12 
@article{Becker2014:Side-Channel,
	title				= {Active and Passive Side-Channel Attacks on Delay Based PUF Designs.},
	author				= {Becker, Georg T and Kumar, Raghavan and others},
	journal				= {IACR Cryptology ePrint Archive},
	volume				= {2014},
	pages				= {287},
	year				= {2014},
	publisher			= {Citeseer}
}

% Becker 
% Attacks
% 2015
% The.Gap.Between.Promise.and.Reality.On.the.Insecurity.of.XOR.Arbiter.PUFs-Becker-CHES2015.pdf
% 2 citations on 2016-01-22 
@incollection{Becker2015:Gap,
	year				= {2015},
	isbn				= {978-3-662-48323-7},
	booktitle			= {Cryptographic Hardware and Embedded Systems -- CHES 2015},
	volume				= {9293},
	series				= {Lecture Notes in Computer Science},
	editor				= {Güneysu, Tim and Handschuh, Helena},
	doi					= {10.1007/978-3-662-48324-4_27},
	title				= {The Gap Between Promise and Reality: On the Insecurity of XOR Arbiter PUFs},
	url					= {http://dx.doi.org/10.1007/978-3-662-48324-4_27},
	publisher			= {Springer Berlin Heidelberg},
	keywords			= {PUFs; Machine learning; Real-world attacks; XOR PUFs},
	author				= {Becker, Georg T.},
	pages				= {535-555},
	language			= {English}
}


% Delvaux et al.
% Attacks
% 2014
% Attacking.PUF-Based.Pattern.Matching.Key.Generators.via.Helper.Data.Manipulation-Delvaux-2013.pdf
% 8 citations on 2015-01-02 
@incollection{Delvaux2014:AttackingHelperData,
	year				= {2014},
	isbn				= {978-3-319-04851-2},
	booktitle			= {Topics in Cryptology – CT-RSA 2014},
	volume				= {8366},
	series				= {Lecture Notes in Computer Science},
	editor				= {Benaloh, Josh},
	doi					= {10.1007/978-3-319-04852-9_6},
	title				= {Attacking PUF-Based Pattern Matching Key Generators via Helper Data Manipulation},
	url					= {http://dx.doi.org/10.1007/978-3-319-04852-9_6},
	publisher			= {Springer International Publishing},
	keywords			= {PUF; secret key; helper data; fuzzy extractor; Hamming distance},
	author				= {Delvaux, Jeroen and Verbauwhede, Ingrid},
	pages				= {106-131},
	language			= {English}
}

% Delvaux et al.
% Attacks
% 2014
% Key-recovery.Attacks.on.Various.RO.PUF.Constructions.via.Helper.Data.Manipulation-Delvaux-DATE2014.pdf
% 4 citations on 2015-01-02 
@inproceedings{Delvaux2014:KeyRecovery,
	author 				= {Delvaux, Jeroen and Verbauwhede, Ingrid},
	title 				= {Key-recovery Attacks on Various RO PUF Constructions via Helper Data Manipulation},
	booktitle 			= {Proceedings of the Conference on Design, Automation \& Test in Europe},
	series 				= {DATE '14},
	year 				= {2014},
	isbn 				= {978-3-9815370-2-4},
	location 			= {Dresden, Germany},
	pages 				= {72:1--72:6},
	articleno 			= {72},
	numpages 			= {6},
	url 				= {http://dl.acm.org/citation.cfm?id=2616606.2616695},
	acmid 				= {2616695},
	publisher 			= {European Design and Automation Association},
	address 			= {3001 Leuven, Belgium, Belgium},
}

% Helfmeier et at.
% Attacks
% 2013
% Cloning.Physically.Unclonable.Functions-Helfmeier-HOST2013.pdf 
% 30 citations on 2015-01-02
@inproceedings{Helfmeier2013:Cloning,
	author				= {Helfmeier, C. and Boit, C. and Nedospasov, D. and Seifert, J.-P.}, 
	booktitle			= {Hardware-Oriented Security and Trust (HOST), 2013 IEEE International Symposium on}, 
	title				= {Cloning Physically Unclonable Functions}, 
	year				= {2013}, 
	month				= {June}, 
	pages				= {1-6}, 
	keywords			= {SRAM chips;application specific integrated circuits;cache storage;field programmable gate arrays;integrated circuit interconnections;ASIC;FPGA;SRAM PUF;cache memory;data memory;environmental effects;focused ion beam circuit;integrated circuits;on-die memories;physically unclonable function cloning;standard interconnects;system security demands;Arrays;Cloning;Integrated circuits;SRAM cells;Security;Transistors}, 
	doi					= {10.1109/HST.2013.6581556}
}	

% Merli et at.
% Attacks
% 2011
% Side-Channel.Analysis.of.PUFs.and.Fuzzy.Extractors-Merli-2011.pdf
% 43 citations on 2015-01-02
@inproceedings{Merli2011:Side-ChannelFuzzyExtractors,
	year				= {2011},
	isbn				= {978-3-642-21598-8},
	booktitle			= {Trust and Trustworthy Computing},
	volume				= {6740},
	series				= {Lecture Notes in Computer Science},
	editor				= {McCune, JonathanM. and Balacheff, Boris and Perrig, Adrian and Sadeghi, Ahmad-Reza and Sasse, Angela and Beres, Yolanta},
	doi					= {10.1007/978-3-642-21599-5_3},
	title				= {Side-Channel Analysis of PUFs and Fuzzy Extractors},
	url					= {http://dx.doi.org/10.1007/978-3-642-21599-5_3},
	publisher			= {Springer Berlin Heidelberg},
	keywords			= {Physical Unclonable Function (PUF); Side-Channel Analysis (SCA); Fuzzy Extractor; Helper Data; FPGA},
	author				= {Merli, Dominik and Schuster, Dieter and Stumpf, Frederic and Sigl, Georg},
	pages				= {33-47},
	language			= {English}
}	

% Merli et at.
% Attacks
% 2013
% Protecting.PUF.Error.Correction.by.Codeword.Masking-Merli-2013.pdf 
% 4 citations on 2015-03-24
@article{Merli2013:ProtectingCodeword,
	author				= {Dominik Merli and Frederic Stumpf and Georg Sigl},
	title				= {Protecting {PUF} Error Correction by Codeword Masking},
	journal				= {{IACR} Cryptology ePrint Archive},
	volume				= {2013},
	pages				= {334},
	year				= {2013},
	url					= {http://eprint.iacr.org/2013/334},
	timestamp			= {Thu, 13 Jun 2013 19:18:44 +0200},
	biburl				= {http://dblp.uni-trier.de/rec/bib/journals/iacr/MerliSS13},
	bibsource			= {dblp computer science bibliography, http://dblp.org}

}
% Nedospasov et at.
% Attacks
% 2012
% Functional.Integrated.Circuit.Analysis-Nedospasov-HOST2012.pdf 
% 19 citations on 2016-05-12
@inproceedings{Nedospasov2012:FunctionalAnalysis,
	author				= {D. Nedospasov and J. P. Seifert and A. Schlösser and S. Orlic}, 
	booktitle			= {Hardware-Oriented Security and Trust (HOST), 2012 IEEE International Symposium on}, 
	title				= {Functional integrated circuit analysis}, 
	year				= {2012}, 
	pages				= {102-107}, 
	keywords			= {functional analysis;image processing;integrated circuit layout;microcontrollers;automated methodology;chip design;chip functional layout;code-generation automation;executed code;functional elements;functional integrated circuit analysis;memory layout;microcontroller;optical emission image;register;smart card;Algorithms;Integrated circuits;Integrated optics;Optical imaging;Photonics;Random access memory;Stimulated emission}, 
	doi					= {10.1109/HST.2012.6224328}, 
	month				= {June},
}

% Nedospasov et at.
% Attacks
% 2013
% Invasive.PUF.Analysis-Nedospasov-FDTC2013.pdf
% 19 citations on 2015-01-02
@inproceedings{Nedospasov2013:InvasiveAnalysis,
	author				= {Nedospasov, D. and Seifert, J.-P. and Helfmeier, C. and Boit, C.}, 
	booktitle			= {Fault Diagnosis and Tolerance in Cryptography (FDTC), 2013 Workshop on}, 
	title				= {Invasive PUF Analysis}, 
	year				= {2013}, 
	month				= {Aug}, 
	pages				= {30-38}, 
	keywords			= {SRAM chips;failure analysis;integrated circuit reliability;integrated circuits;security of data;backside readout;failure analysis technique;fully-invasive attacks;high-security applications;invasive PUF analysis;memory-based PUF;modern secure integrated circuits;nonvolatile memory;physically unclonable functions;secure storage;semi-invasive attacks;semi-invasive readout;single-trace readout;Integrated circuits;Inverters;Lasers;Logic gates;Random access memory;Silicon;Transistors;Fully-invasive;IC security;Laser characterization;PUF;Semi-invasive;Tamper-evidence}, 
	doi					= {10.1109/FDTC.2013.19},
}

% Ruhrmair et at.
% Attacks
% 2013
% Power.and.Timing.Side.Channels.for.PUFs.and.their.Efficient.Exploitation-Ruhrmair-2013.pdf
% 11 citations on 2016-05-19
@article{Ruhrmair2013:Side-Channel,
	title				= {Power and Timing Side Channels for PUFs and their Efficient Exploitation.},
	author				= {R{\"u}hrmair, Ulrich and Xu, Xiaolin and S{\"o}lter, Jan and Mahmoud, Ahmed and Koushanfar, Farinaz and Burleson, Wayne},
	journal				= {IACR Cryptology ePrint Archive},
	volume				= {2013},
	pages				= {851},
	year				= {2013},
	publisher			= {Citeseer}
}

% Ruhrmair et at.
% Attacks
% 2013
% PUF.Modeling.Attacks.on.Simulated.and.Silicon.Data-Ruhrmair-2013.pdf
% 65 citations on 2016-05-20
@article{Ruhrmair2013:ModelingAttacks, 
	author				= {U. Rührmair and J. Sölter and F. Sehnke and X. Xu and A. Mahmoud and V. Stoyanova and G. Dror and J. Schmidhuber and W. Burleson and S. Devadas}, 
	journal				= {IEEE Transactions on Information Forensics and Security}, 
	title				= {PUF Modeling Attacks on Simulated and Silicon Data}, 
	year				= {2013}, 
	volume				= {8}, 
	number				= {11}, 
	pages				= {1876-1891}, 
	keywords			= {application specific integrated circuits;cryptography;evolutionary computation;field programmable gate arrays;learning (artificial intelligence);regression analysis;ASIC;CRP;FPGA;PUF design;PUF modeling attacks;Strong PUF application;Strong PUF unpredictability;XOR Arbiter PUF;challenge-response pairs;computer algorithm;digital model;evolution strategy;feed-forward arbiter PUF;lightweight secure PUF;logistic regression;machine learning technique;numerical modeling attacks;numerical simulation;physical unclonability;physical unclonable functions;ring oscillator PUF architecture;secure electrical Strong PUF;security;silicon data;standard Arbiter PUF;Computer security;Cryptography;Delays;Machine learning;Numerical models;Protocols;Physical unclonable functions;cryptanalysis;machine learning;physical cryptography}, 
	doi					= {10.1109/TIFS.2013.2279798}, 
	ISSN				= {1556-6013}, 
	month				= {Nov},
}

% Tajik et al.
% Attacks
% 2014
% Physical.Characterization.of.Arbiter.PUFs-Tajik-CHES2014.pdf
% 1 citations on 2015-03-04
@incollection{Tajik2014:CharacterizationAPUF,
	year				= {2014},
	isbn				= {978-3-662-44708-6},
	booktitle			= {Cryptographic Hardware and Embedded Systems – CHES 2014},
	volume				= {8731},
	series				= {Lecture Notes in Computer Science},
	editor				= {Batina, Lejla and Robshaw, Matthew},
	doi					= {10.1007/978-3-662-44709-3_27},
	title				= {Physical Characterization of Arbiter PUFs},
	url					= {http://dx.doi.org/10.1007/978-3-662-44709-3_27},
	publisher			= {Springer Berlin Heidelberg},
	keywords			= {Arbiter PUF; photonic emission analysis; backside; physical characterization},
	author				= {Tajik, Shahin and Dietz, Enrico and Frohmann, Sven and Seifert, Jean-Pierre and Nedospasov, Dmitry and Helfmeier, Clemens and Boit, Christian and Dittrich, Helmar},
	pages				= {493-509},
	language			= {English}
}





% ====================== Cryptography ====================== %
% Armknecht et al.
% Cryptography 
% 2009
% Memory.Leakage-Resilient.Encryption.Based.on.Physically.Unclonable.Functions-Armknecht-2009.pdf
% 37 citations on 2014-09-24
@incollection{Armknecht2009:Memory,
	author				= {Armknecht, Frederik and Maes, Roel and Sadeghi, Ahmad-Reza and Sunar, Berk and Tuyls, Pim},
	booktitle			= {Advances in Cryptology – ASIACRYPT 2009},
	title				= {Memory Leakage-Resilient Encryption Based on Physically Unclonable Functions},
	publisher			= {Springer Berlin Heidelberg},
	series				= {Lecture Notes in Computer Science},
	editor				= {Matsui, Mitsuru},
	year				= {2009},
	isbn				= {978-3-642-10365-0},
	volume				= {5912},
	doi					= {10.1007/978-3-642-10366-7_40},
	url					= {http://dx.doi.org/10.1007/978-3-642-10366-7_40},
	pages				= {685-702},
	language			= {English}
}

% Aumasson et al. 
% Cryptography 
% 2012
% SipHash.A.Fast.Short-Input.PRF-Aumasson-INDOCRYPT2012.pdf 
% 30 citations on 2015-02-28
@inproceedings{Aumasson2012:SipHash,
	author				= {Jean{-}Philippe Aumasson and Daniel J. Bernstein},
	title				= {SipHash: {A} Fast Short-Input {PRF}},
	booktitle			= {Progress in Cryptology - {INDOCRYPT} 2012, 13th International Conference on Cryptology in India, Kolkata, India, December 9-12, 2012. Proceedings},
	pages				= {489--508},
	year				= {2012},
	url					= {http://dx.doi.org/10.1007/978-3-642-34931-7_28},
	doi					= {10.1007/978-3-642-34931-7_28},
	timestamp			= {Mon, 18 Feb 2013 12:37:16 +0100},
	biburl				= {http://dblp.uni-trier.de/rec/bib/conf/indocrypt/AumassonB12},
	bibsource			= {dblp computer science bibliography, http://dblp.org}
}

% Barker et al.
% Cryptography 
% 2011
% sp800-131A.pdf
% 3 citations on 2015-09-25
@techreport{Nist2011,
	author				= {Barker, Elaine B. and Roginsky, Allen L.},
	title				= {SP 800-131A. Transitions: Recommendation for Transitioning the Use of Cryptographic Algorithms and Key Lengths},
	year				= {2011},
	publisher			= {National Institute of Standards \& Technology},
	address				= {Gaithersburg, MD, United States},
} 

% Dijk and Ruhrmair
% Cryptography 
% 2012
% Physical.Unclonable.Functions.in.Cryptographic.Protocols.Security.Proofs.and.Impossibility.Results-Dijk-2012.pdf
% 17 citations on 2014-09-24
@article{Dijk2012:SecurityProofs,
	author				= {Marten van Dijk and Ulrich R{\"{u}}hrmair},
	title				= {Physical Unclonable Functions in Cryptographic Protocols: Security Proofs and Impossibility Results},
	journal				= {{IACR} Cryptology ePrint Archive},
	year				= {2012},
	volume				= {2012},
	pages				= {228},
	url					= {http://eprint.iacr.org/2012/228},
	biburl				= {http://dblp.uni-trier.de/rec/bib/journals/iacr/DijkR12},
	bibsource			= {dblp computer science bibliography, http://dblp.org}
}

% Goldreich 
% Cryptography 
% 2004
% Foundations.of.Cryptography-Goldreich-2004.pdf
% 3640 citations on 2015-04-05
@book{Goldreich2004:Cryptography,
	author				= {Goldreich, Oded},
	title				= {Foundations of Cryptography: Basic Tools},
	year				= {2004},
	isbn				= {0521791723},
	publisher			= {Cambridge University Press},
	address				= {New York, NY, USA},
} 

% Menezes et al.
% Cryptography
% 1996
% Handbook.of.Applied.Cryptography-Menezes-Chap9-1996.pdf
% 16615 citations on 2017-01-27
@book{Menezes1996:Handbook,
	title				= {Handbook of applied cryptography},
	author				= {Menezes, Alfred J and Van Oorschot, Paul C and Vanstone, Scott A},
	year				= {1996},
	publisher			= {CRC press}
}


% Paar 
% Cryptography 
% 2009
% Understanding.Cryptography-Paar-2010.pdf
% 282 citations on 2015-04-05
@book{Paar2009:Cryptography,
	title				= {Understanding Cryptography: A Textbook for Students and Practitioners},
	author				= {Paar, C. and Pelzl, J.},
	isbn				= {9783642041013},
	lccn				= {2009940447},
	url					= {http://books.google.com.br/books?id				= f24wFELSzkoC},
	year				= {2009},
}


% =================== Information Theory  ================== %
% Cover et al. 
% Information Theory
% 2006 
% Elements.of.Information.Theory-Cover-2006.pdf
% 31104 citations on 2013-10-06
@book{Cover2006:InformationTheory,
	author				= {Cover, Thomas M. and Thomas, Joy A.},
	title				= {Elements of Information Theory (Wiley Series in Telecommunications and Signal Processing)},
	year				= {2006},
	isbn				= {0471241954},
	publisher			= {Wiley-Interscience},
} 

% Gray
% Information Theory
% 1990
% Entropy.and.Information.Theory-Gray-2013.pdf
% 956 citations on 2013-10-06
@book{Gray1990:Entropy,
	thor				= {Gray, Robert M.},
	title				= {Entropy and information theory},
	year				= {1990},
	isbn				= {0-387-97371-0},
	publisher			= {Springer-Verlag New York, Inc.},
	address				= {New York, NY, USA},
} 

% Mackay
% Information Theory
% 2002
% Information.Theory,Inference,and.Learning.Algorithms-Mackay-2002.pdf
% 4926 citations on 2013-10-06
@book{MacKay2002:InformationTheory,
	author				= {MacKay, David J. C.},
	title				= {Information Theory, Inference \& Learning Algorithms},
	year				= {2002},
	isbn				= {0521642981},
	publisher			= {Cambridge University Press},
	address				= {New York, NY, USA},
} 

% Wikipedia
% Entropy
@misc{Wikipedia:Entropy,
	title			= {Entropy (Information Theory)},
	howpublished	= {\url{http://en.wikipedia.org/wiki/Entropy\_(information\_theory)}},
	note			= {Web Site. Accessed: 30-Oct-2014},
}

% ======================== Others ======================== %
% Ahmed et al. 
% Leon
% 2009
% Exploration.of.power.reduction.and.performance.enhancement.in.LEON3.processor.with.ESL.reprogrammable.eFPGA.in.processor.pipeline.and.as.a.co.processor-Ahmed-2009.pdf
% X citations on 2018-05-07
@inproceedings{Ahmed2009:Leon,
	author				= {S. Z. Ahmed and J. Eydoux and L. Rouge and J. B. Cuelle and G. Sassatelli and L. Torres},
	booktitle			= {2009 Design, Automation Test in Europe Conference Exhibition},
	title				= {Exploration of power reduction and performance enhancement in LEON3 processor with ESL reprogrammable eFPGA in processor pipeline and as a co-processor},
	year				= {2009},
	volume				= {},
	number				= {},
	pages				= {184-189},
	keywords			= {embedded systems;field programmable gate arrays;low-power electronics;microprocessor chips;reconfigurable architectures;Catapult ESL tool;ESL reprogrammable eFPGA;HW partitioning;LEON3 processor;Mentor Graphics;SW partitioning;chip fabrication;coprocessor;dynamic frequency scaling;embedded FPGA IP;low power process;microprocessors;processing power;processor pipeline;profiling tool;programming complexity;reconfigurable accelerator;silicon overhead;static power;Computer aided instruction;Coprocessors;Energy consumption;Field programmable gate arrays;Frequency;Hardware;Internet;Pipelines;Power demand;Silicon},
	doi					= {10.1109/DATE.2009.5090655},
	ISSN				= {1530-1591},
	month				= {April},
}

% ============= Physical unclonable functions ============ %

% Armknecht et al.
% Physical unclonable functions
% 2011 
% A.Formal.Foundation.for.the.Security.Features.of.Physical.Functions-Armknecht-2011.pdf
% 49 citations on 2014-05-02
@inproceedings{Armknecht2011:Formalization,
	author				= {Armknecht, Frederik and Maes, Roel and Sadeghi, Ahmad-Reza and Standaert, Francois-Xavier and Wachsmann, Christian},
	title				= {A Formalization of the Security Features of Physical Functions},
	booktitle			= {Proceedings of the 2011 IEEE Symposium on Security and Privacy},
	series				= {SP '11},
	year				= {2011},
	isbn				= {978-0-7695-4402-1},
	pages				= {397--412},
	numpages			= {16},
	url					= {http://dx.doi.org/10.1109/SP.2011.10},
	doi					= {10.1109/SP.2011.10},
	acmid				= {2006779},
	publisher			= {IEEE Computer Society},
	address				= {Washington, DC, USA},
	keywords			= {Physically Unclonable Function (PUF), Formal Security Model, Robustness, Unclonability, Unpredictability},
} 

% Bhargava et al.
% Physical unclonable functions
% 2014 
% An.Efficient.Reliable.PUF-Based.Cryptographic.Key.Generator.in.65nm CMOS-Bhargava-DATE2014.pdf
% 0 citations on 2014-05-02
@inproceedings{Bhargava2014:PUFBasedKey, 
	author				= {Bhargava, Mudit and Mai, Ken}, 
	booktitle			= {Design, Automation and Test in Europe Conference and Exhibition (DATE), 2014}, 
	title				= {An efficient reliable PUF-based cryptographic key generator in 65nm CMOS}, 
	year				= {2014}, 
	month				= {March}, 
	pages				= {1-6}, 
	keywords			= {Arrays;Generators;Measurement uncertainty;Random access memory;Reliability;Temperature measurement;Voltage measurement}, 
	doi					= {10.7873/DATE2014.083},
}

% Cortez et al.
% Physical unclonable functions
% 2012 
% Modeling.SRAM.Start-Up.Behavior.for.Physical.Unclonable.Functions-Cortez-DFT2012.pdf 
% 16 citations on 2016-05-23
@inproceedings{Cortez2012:SRAM, 
	author				= {M. Cortez and A. Dargar and S. Hamdioui and G. J. Schrijen}, 
	booktitle			= {2012 IEEE International Symposium on Defect and Fault Tolerance in VLSI and Nanotechnology Systems (DFT)}, 
	title				= {Modeling SRAM start-up behavior for Physical Unclonable Functions}, 
	year				= {2012}, 
	pages				= {1-6}, 
	keywords			= {SRAM chips;cryptography;integrated circuit measurement;integrated circuit modelling;integrated circuit noise;SNM;SRAM PUF;SRAM start-up behavior modelling;SUV;cryptographic key storage;deep-submicron process variations;hardware intrinsic security;industrial measurements;physical unclonable functions;real memory devices;sensitivity parameters;start-up values analysis;static noise margin;threshold voltage variation;Inverters;MOS devices;Simulation;Threshold voltage;Transistors}, 
	doi					= {10.1109/DFT.2012.6378190}, 
	ISSN				= {1550-5774}, 
	month				= {Oct},
}

% Frikken et al.
% Physical unclonable functions
% 2009 
% Robust.Authentication.Using.Physically.Unclonable.Functions-Frikken-ISC2009.pdf
% 18 citations on 2014-05-02
@incollection{Frikken2009:Authentication,
	title				= {Robust authentication using physically unclonable functions},
	author				= {Frikken, Keith B and Blanton, Marina and Atallah, Mikhail J},
	booktitle			= {Information Security},
	pages				= {262--277},
	year				= {2009},
	publisher			= {Springer}
}

% Gassend et al
% Physical unclonable functions
% 2002
% Silicon.Physical.Random.Functions-Gassend-CCS02.pdf
% 508 citations on 2014-08-07
@inproceedings{Gassend2002:PUFs,
	author				= {Gassend, Blaise and Clarke, Dwaine and van Dijk, Marten and Devadas, Srinivas},
	title				= {Silicon Physical Random Functions},
	booktitle			= {Proceedings of the 9th ACM Conference on Computer and Communications Security},
	series				= {CCS '02},
	year				= {2002},
	isbn				= {1-58113-612-9},
	location			= {Washington, DC, USA},
	pages				= {148--160},
	numpages			= {13},
	url					= {http://doi.acm.org/10.1145/586110.586132},
	doi					= {10.1145/586110.586132},
	acmid				= {586132},
	publisher			= {ACM},
	address				= {New York, NY, USA},
	keywords			= {identification, physical random function, physical security, smartcard, tamper resistance, unclonability},
}

% Guajardo et al.
% Physical unclonable functions
% 2007
% FPGA.Intrinsic.PUFs.and.Their.Use.for.IP.Protection-Guajardo-CHES2007.pdf
% 567 citations on 2016-05-23 
@inbook{Guajardo2007:PUFs,
	author				= {Guajardo, Jorge and Kumar, Sandeep S. and Schrijen, Geert-Jan and Tuyls, Pim},
	editor				= {Paillier, Pascal and Verbauwhede, Ingrid},
	chapter				= {FPGA Intrinsic PUFs and Their Use for IP Protection},
	title				= {Cryptographic Hardware and Embedded Systems - CHES 2007: 9th International Workshop, Vienna, Austria, September 10-13, 2007. Proceedings},
	year				= {2007},
	publisher			= {Springer Berlin Heidelberg},
	address				= {Berlin, Heidelberg},
	pages				= {63--80},
	isbn				= {978-3-540-74735-2},
	doi					= {10.1007/978-3-540-74735-2_5},
	url					= {http://dx.doi.org/10.1007/978-3-540-74735-2_5},
}

% Jin et al
% Physical unclonable functions
% 2015
% PLayPUF.Programmable.Logically.Erasable.PUFs.for.Forward.and.Backward.Secure.Key.Management-Jin-2015.pdf 
% 0 citations on 2017-06-02 
@techreport{Jin2015:PlayPUF,
    author				= {Chenglu Jin and Xiaolin Xu and Wayne Burleson and Ulrich Rührmair and Marten van Dijk},
    title				= {PLayPUF: Programmable Logically Erasable PUFs for Forward and Backward Secure Key Management},
	number				= {2015/1052},
    institution			= {Cryptology ePrint Archive},
    year				= {2015},
}

% Kalyanaraman et al
% Physical unclonable functions
% 2013
% Novel.Strong.PUF.based.on.Nonlinearity.of.MOSFET.Subthreshold.Operation-Kalyanaraman-HOST2013.pdf
% 2 citations on 2015-01-02 
@inproceedings{Kalyanaraman2013:PUF-MOSFET,
	author				= {Kalyanaraman, M. and Orshansky, M.}, 
	booktitle			= {Hardware-Oriented Security and Trust (HOST), 2013 IEEE International Symposium on}, 
	title				= {Novel strong PUF based on nonlinearity of MOSFET subthreshold operation}, 
	year				= {2013}, 
	month				= {June}, 
	pages				= {13-18}, 
	keywords			= {MOSFET;digital control;elemental semiconductors;radial basis function networks;silicon;support vector machines;MOSFET subthreshold operation;Si;XOR delay-based PUF;XOR scrambling;challenge-response pairs;current-voltage behavior;digital control;error reduction;information leakage;inter-class Hamming distance;logistic regression;machine learning attacks;radial basis function kernel;random binary response;response stability;silicon PUF;silicon physical unclonable functions;stochastic variability;subthreshold current array;support vector machine;two-dimensional transistor arrays;Arrays;Computational modeling;Irrigation;Logic gates;Stochastic processes;Switches}, 
	doi					= {10.1109/HST.2013.6581558},
}

% Katzenbeisser et al.
% Physical unclonable functions
% 2012 
% PUFs.Myth,.Fact.or.Busted.A.Security.Evaluation.of.Physically.Unclonable.Functions.(PUFs).Cast.in.Silicon-Katzenbeisser-2012.pdf 
% 30 citations on 2014-05-02
@inproceedings{Katzenbeisser2012:PUFs,
	author				= {Katzenbeisser, Stefan and Kocaba\c{s}, \"{U}nal and Ro\v{z}i\'{c}, Vladimir and Sadeghi, Ahmad-Reza and Verbauwhede, Ingrid and Wachsmann, Christian},
	title				= {PUFs: Myth, Fact or Busted? A Security Evaluation of Physically Unclonable Functions (PUFs) Cast in Silicon},
	booktitle			= {Proceedings of the 14th International Conference on Cryptographic Hardware and Embedded Systems},
	series				= {CHES'12},
	year				= {2012},
	isbn				= {978-3-642-33026-1},
	location			= {Leuven, Belgium},
	pages				= {283--301},
	numpages			= {19},
	url					= {http://dx.doi.org/10.1007/978-3-642-33027-8_17},
	doi					= {10.1007/978-3-642-33027-8_17},
	acmid				= {2413338},
	publisher			= {Springer-Verlag},
	address				= {Berlin, Heidelberg},
	keywords			= {ASIC implementation, evaluation framework, physically unclonable functions (PUFs), robustness, unpredictability},
} 

% Koeberl et al.
% Physical unclonable functions
% 2013 
% Memristor.PUFs.A.New.Generation.of.Memory-based.Physically.Unclonable.Functions-Koeberl-DATE2013.pdf 
% 0 citations on 2013-10-06
@inproceedings{Koeberl2013:Memristor, 
	author				= {Koeberl, Patrick and Kocabas, Unal and Sadeghi, Ahmad-Reza}, 
	booktitle			= {Design, Automation Test in Europe Conference Exhibition (DATE), 2013}, 
	title				= {Memristor PUFs: A new generation of memory-based Physically Unclonable Functions}, 
	year				= {2013}, 
	pages				= {428-431}, 
	doi					= {10.7873/date.2013.096}, 
	issn				= {1530-1591},
}

% Kumar et al.
% Physical unclonable functions
% 2008 
% Extended.Abstract.The.Butterfly.PUF.Protecting.IP.on.every.FPGA-Kumar-HOST2008.pdf
% 337 citations on 2016-05-12
@inproceedings{Kumar2008:Butterfly, 
	title				= {The butterfly PUF protecting IP on every FPGA},
	author				= {Kumar, Sandeep S and Guajardo, Jorge and Maes, Roel and Schrijen, Geert-Jan and Tuyls, Pim},
	booktitle			= {Hardware-Oriented Security and Trust, 2008. HOST 2008. IEEE International Workshop on},
	pages				= {67--70},
	year				= {2008},
	organization		= {IEEE}
}

% Lee et al.
% Physical unclonable functions
% 2004 
% A.technique.to.build.a.secret.key.in.integrated.circuits.for.identification.and.authentication.applications.In.Symposium.on.VLSI.Circuits-Lee-VLSIC2004.pdf
% 331 citations on 2016-05-19
@inproceedings{Lee2004:APUF, 
	author				= {J. W. Lee and Daihyun Lim and B. Gassend and G. E. Suh and M. van Dijk and S. Devadas}, 
	booktitle			= {VLSI Circuits, 2004. Digest of Technical Papers. 2004 Symposium on}, 
	title				= {A technique to build a secret key in integrated circuits for identification and authentication applications}, 
	year				= {2004}, 
	pages				= {176-179}, 
	keywords			= {CMOS integrated circuits;identification technology;security;authentication applications;delay variation;identification;integrated circuits;secret key;transistors;wires;Application software;Application specific integrated circuits;Artificial intelligence;Authentication;Character generation;Computer science;Delay;Security;Voltage;Wires}, 
	doi					= {10.1109/VLSIC.2004.1346548}, 
	month				= {June}
}

% Majzoobi et al.
% Physical unclonable functions
% 2008
% Lightweight.Secure.PUFs-Majzoobi-ICCAD2008.pdf 
% 90 citations on 2014-07-03
@inproceedings{Majzoobi2008:PUFs,
	author				= {Majzoobi, M. and Koushanfar, F and Potkonjak, M.}, 
	booktitle			= {Computer-Aided Design, 2008. ICCAD 2008. IEEE/ACM International Conference on}, 
	title				= {Lightweight secure PUFs}, 
	year				= {2008}, 
	month				= {Nov}, 
	pages				= {670-673}, 
	keywords			= {cryptography;embedded systems;field programmable gate arrays;logic CAD;PUF structures;challenge input bits;embedded systems;multiple delay lines;physically unclonable functions;security mechanisms;statistical analysis;Circuits;Delay lines;Design methodology;Embedded system;Feeds;Manufacturing;Reverse engineering;Robustness;Security;Switches}, 
	doi					= {10.1109/ICCAD.2008.4681648}, 
	ISSN				= {1092-3152},
}

% Morozov et al.
% Physical unclonable functions
% 2010
% A.Comparative.Analysis.of.Delay.Based.PUF.Implementations.on.FPGA-Morozov-2010.pdf 
% 69 citations on 2016-05-12
@incollection{Morozov2010:PUF-FPGA,
	title				= {An analysis of delay based PUF implementations on FPGA},
	author				= {Morozov, Sergey and Maiti, Abhranil and Schaumont, Patrick},
	booktitle			= {Reconfigurable Computing: Architectures, Tools and Applications},
	pages				= {382--387},
	year				= {2010},
	publisher			= {Springer}
}

% Oren et al.
% Physical unclonable functions
% 2013
% On.the.Effectiveness.of.the.Remanence.Decay.Side-Channel.to.Clone.Memory-based.PUFs-Oren-CHES2013.pdf
% 23 citations on 2016-05-23
@inbook{Oren2013:Side-Channel,
		author			= {Oren, Yossef and Sadeghi, Ahmad-Reza and Wachsmann, Christian},
		editor			= {Bertoni, Guido and Coron, Jean-S{\'e}bastien},
		chapter			= {On the Effectiveness of the Remanence Decay Side-Channel to Clone Memory-Based PUFs},
		title			= {Cryptographic Hardware and Embedded Systems - CHES 2013: 15th International Workshop, Santa Barbara, CA, USA, August 20-23, 2013. Proceedings},
		year			= {2013},
		publisher		= {Springer Berlin Heidelberg},
		address			= {Berlin, Heidelberg},
		pages			= {107--125},
		isbn			= {978-3-642-40349-1},
		doi				= {10.1007/978-3-642-40349-1_7},
		url				= {http://dx.doi.org/10.1007/978-3-642-40349-1_7}
}

% Roberts et al.
% Physical unclonable functions
% 2015
% Using.Quantum.Confinement.to.Uniquely.Identify.Devices-Roberts-2015.pdf 
% 3 citations on 2016-05-12
@article{Roberts2015:QuantumPUF,
	title				= {Using quantum confinement to uniquely identify devices},
	author				= {Roberts, Jonny and Bagci, Ibrahim Ethem and Zawawi, MAM and Sexton, J and Hulbert, N and Noori, YJ and Young, MP and Woodhead, CS and Missous, Mohammed and Migliorato, MA and others},
	journal				= {Scientific reports},
	volume				= {5},
	year				= {2015},
	publisher			= {Nature Publishing Group}
}

% Rostami et al.
% Physical unclonable functions
% 2014
% Robust.and.Reverse-Engineering.Resilient.PUF.Authentication.and.Key-Exchange.by.Substring.Matching-Rostami-2014.pdf
% 0 citations on 2014-05-02
@article{Rostami2014:ReverseEngineeringPUF, 
	author				= {Rostami, M. and Majzoobi, M. and Koushanfar, F. and Wallach, D. and Devadas, S.}, 
	journal				= {Emerging Topics in Computing, IEEE Transactions on}, 
	title				= {Robust and Reverse-Engineering Resilient PUF Authentication and Key-Exchange by Substring Matching}, 
	year				= {2014}, 
	month				= {}, 
	volume				= {PP}, 
	number				= {99}, 
	pages				= {1-1}, 
	keywords			= {Physical unclonable functions;hardware security;security protocols}, 
	doi					= {10.1109/TETC.2014.2300635}, 
	ISSN				= {2168-6750},
}

% Rühmair et al.
% Physical unclonable functions
% 2010
% Modeling.Attacks.on.Physical.Unclonable.Functions-Ruhmair-CCS2010.pdf
% 139 citations on 2014-05-02
@inproceedings{Ruhrmair2010:ModelingAttacks,
	author				= {R\"{u}hrmair, Ulrich and Sehnke, Frank and S\"{o}lter, Jan and Dror, Gideon and Devadas, Srinivas and Schmidhuber, J\"{u}rgen},
	title				= {Modeling Attacks on Physical Unclonable Functions},
	booktitle			= {Proceedings of the 17th ACM Conference on Computer and Communications Security},
	series				= {CCS '10},
	year				= {2010},
	isbn				= {978-1-4503-0245-6},
	location			= {Chicago, Illinois, USA},
	pages				= {237--249},
	numpages			= {13},
	url					= {http://doi.acm.org/10.1145/1866307.1866335},
	doi					= {10.1145/1866307.1866335},
	acmid				= {1866335},
	publisher			= {ACM},
	address				= {New York, NY, USA},
	keywords			= {cryptanalysis, machine learning, physical cryptography, physical unclonable functions},
} 

% Rühmair et al.
% Physical unclonable functions
% 2013
% Optical.PUFs.Reloaded-Ruhrmair-2013.pdf 
% 5 citations on 2016-05-12
@techreport{Ruhrmair2013:OpticalPUFs,
	title				= {Optical PUFs Reloaded},
	author				= {R{\"u}hrmair, Ulrich and Hilgers, Christian and Urban, Sebastian and Weiersh{\"a}user, Agnes and Dinter, Elias and Forster, Brigitte and Jirauschek, Christian},
	year				= {2013},
	institution			= {IACR Cryptology ePrint Archive, Report 2013/215}
} 

% Skoric et al.
% Physical unclonable functions
% 2005
% Robust.Key.Extraction.from.Physical.Uncloneable.Functions-Skoric-ACNS2005.pdf
% 107 citations on 2016-05-23
@inbook{Skoric2005:Key-PUF,
	author				= {{\v{S}}kori{\'{c}}, B. and Tuyls, P. and Ophey, W.},
	editor				= {Ioannidis, John and Keromytis, Angelos and Yung, Moti},
	chapter				= {Robust Key Extraction from Physical Uncloneable Functions},
	title				= {Applied Cryptography and Network Security: Third International Conference, ACNS 2005, New York, NY, USA, June 7-10, 2005. Proceedings},
	year				= {2005},
	publisher			= {Springer Berlin Heidelberg},
	address				= {Berlin, Heidelberg},
	pages				= {407--422},
	isbn				= {978-3-540-31542-1},
	doi					= {10.1007/11496137_28},
	url					= {http://dx.doi.org/10.1007/11496137_28},
}

% Suh et al.
% Physical unclonable functions
% 2007 
% Physical.Unclonable.Functions.for.Device.Authentication.and.Secret.Key.Generation-Suh-DAC2007.pdf 
% 374 citations on 2013-10-06
@inproceedings{Suh2007:PUFs,
	author				= {Suh, G. Edward and Devadas, Srinivas},
	title				= {Physical unclonable functions for device authentication and secret key generation},
	booktitle			= {Proceedings of the 44th annual Design Automation Conference},
	series				= {DAC '07},
	year				= {2007},
	isbn				= {978-1-59593-627-1},
	location			= {San Diego, California},
	pages				= {9--14},
	numpages			= {6},
	url					= {http://doi.acm.org/10.1145/1278480.1278484},
	doi					= {10.1145/1278480.1278484},
	acmid				= {1278484},
	publisher			= {ACM},
	address				= {New York, NY, USA},
	keywords			= {IC authentication, secret keys},
} 

% ================ Random Number Generators =============== %
% Barak et al.
% Random number generators
% 2003
% True.Random.Number.Generators.Secure.in.a.Changing.Environment-Barak-CHES2003.pdf
% 74 citations on 2013-10-06
@inproceedings{Barak2003:TRNG,
	author				= {Boaz Barak and Ronen Shaltiel and Eran Tromer},
	title				= {True Random Number Generators Secure in a Changing Environment},
	booktitle			= {In Workshop on Cryptographic Hardware and Embedded Systems (CHES)},
	year				= {2003},
	pages				= {166--180},
	publisher			= {Springer-Verlag}
}

% O'donell et al.
% Random number generators
% 2004
% PUF-based.random.number.generation-ODonell-2004.pdf
% 33 citations on 2013-10-13
@inproceedings{Odonnell2004:PUF-RNG,
	author				= {Charles W. O’donnell and G. Edward Suh and Srinivas Devadas},
	title				= {PUF-based random number generation},
	booktitle			= {In MIT CSAIL CSG Technical Memo 481 (http://csg.csail.mit.edu/pubs/memos/Memo-481/Memo-481.pdf)},
	year				= {2004},
}

% Herrewege et al.
% Random number generators
% 2013
% Secure.PRNG.Seeding.on.Commercial.Off-the-Shelf.Microcontrollers-Herrewege-2013.pdf
% 0 citations on 2013-10-06
@article{Herrewege2013:PRNG,
	author				= {Anthony Van Herrewege and Vincent van der Leest and Andr{\'e} Schaller and Stefan Katzenbeisser and Ingrid Verbauwhede},
	title				= {Secure PRNG Seeding on Commercial Off-the-Shelf Microcontrollers},
	journal				= {IACR Cryptology ePrint Archive},
	volume				= {2013},
	year				= {2013},
	pages				= {304},
	ee					= {http://eprint.iacr.org/2013/304},
	bibsource			= {DBLP, http://dblp.uni-trier.de}
}

% Leest et al.
% Random number generators
% 2012
% Efficient.Implementation.of.True.Random.Number.Generator.Based.on.SRAM.PUFs-Leest-2012.pdf
% 6 citations on 2013-10-06
@incollection{Leest2012:TRNG-SRAM,
	year				= {2012},
	isbn				= {978-3-642-28367-3},
	booktitle			= {Cryptography and Security: From Theory to Applications},
	volume				= {6805},
	series				= {Lecture Notes in Computer Science},
	editor				= {Naccache, David},
	doi					= {10.1007/978-3-642-28368-0_20},
	title				= {Efficient Implementation of True Random Number Generator Based on SRAM PUFs},
	url					= {http://dx.doi.org/10.1007/978-3-642-28368-0_20},
	publisher			= {Springer Berlin Heidelberg},
	author				= {Leest, Vincent and Sluis, Erik and Schrijen, Geert-Jan and Tuyls, Pim and Handschuh, Helena},
	pages				= {300-318}
}

% Majzoobi et al. 
% Random number generators
% 2011 
% FPGA-Based.True.Random.Number.Generation.Using.Circuit.Metastability.with.Adaptive.Feedback.Control-Majzoobi-2011.pdf 
% 11 citations on 2013-10-06
@inproceedings{Majzoobi2011:FPGA-TRNG,
	author				= {Majzoobi, Mehrdad and Koushanfar, Farinaz and Devadas, Srinivas},
	title				= {FPGA-Based true random number generation using circuit metastability with adaptive feedback control},
	booktitle			= {Proceedings of the 13th international conference on Cryptographic hardware and embedded systems},
	series				= {CHES'11},
	year				= {2011},
	isbn				= {978-3-642-23950-2},
	location			= {Nara, Japan},
	pages				= {17--32},
	numpages			= {16},
	url					= {http://dl.acm.org/citation.cfm?id=2044928.2044931},
	acmid				= {2044931},
	publisher			= {Springer-Verlag},
	address				= {Berlin, Heidelberg},
}

% Maurer 
% Random number generators
% 1992
% A.Universal.Statistical.Test.for.Random.Bit.Generators-Maurer-1992.pdf 
% 204 citations on 2013-10-06
@article{Maurer92:Test-RNG,
	author				= {Ueli Maurer},
	title				= {A Universal Statistical Test for Random Bit Generators},
	journal				= {Journal of cryptology},
	year				= {1992},
	volume				= {5},
	pages				= {89--105}
}

% ================== Randomness Extractors ================= %
% Rao
% Randomness extractors
% 2007
% Randomness.Extractors.for.Independent.Sources.and.Applications-Rao-Thesis-2007.pdf
% 11 citations on 2013-10-09
@phdthesis{Rao2007:RandomnessExtractors,
	author				= {Anup Rao},
	title				= {Randomness Extractors for Independent Sources and Applications},
	school				= {University of Texas at Austin}, 
	year				= {2007},
}

% ================== Security in systems =================== %

% Alkabani et al.
% Security in Hardware
% 2007
% Remote.Activation.of.ICs.for.Piracy.Prevention.and.Digital.Right.Management-Alkabani-ICCAD2007.pdf
% 63 citations on 2014-08-07
@inproceedings{Alkabani2007:PiracyPrevention, 
	author				= {Alkabani, Y. and Koushanfar, F and Potkonjak, M.}, 
	booktitle			= {Computer-Aided Design, 2007. ICCAD 2007. IEEE/ACM International Conference on}, 
	title				= {Remote activation of ICs for piracy prevention and digital right management}, 
	year				= {2007}, 
	month				= {Nov}, 
	pages				= {674-677}, 
	keywords			= {computer crime;copyright;electronics industry;finite state machines;integrated circuit manufacture;logic design;control signals;digital right management;finite state machine;integrated circuit intellectual property;integrated circuit remote activation;modern manufacturing unclonable variability;piracy prevention;standard benchmark circuits;state transition control;unique identification;Companies;Computer science;Databases;Digital integrated circuits;Hardware;Intellectual property;Intrusion detection;Semiconductor device manufacture;Virtual manufacturing;Watermarking}, 
	doi					= {10.1109/ICCAD.2007.4397343}, 
	ISSN				= {1092-3152},
}

% Cacti at HP website. 
% Security in Hardware
@misc{CactiHP,
	title			= {CACTI},
	howpublished	= {\url{http://www.hpl.hp.com/research/cacti/}},
	note			= {Web Site. Accessed: 03-Feb-2016},
}

% Champagne et al.
% Security in Hardware
% 2008
% The.Reduced.Address.Space.(RAS).for.Application.Memory.Authentication-Champagne-2008.pdf
% 8 citations on 2015-09-25
@incollection{Champagne2008:RAS,
	author				= {Champagne, David and Elbaz, Reouven and Lee, RubyB.},
	title				= {The Reduced Address Space (RAS) for Application Memory Authentication},
	booktitle			= {Information Security},
	publisher			= {Springer Berlin Heidelberg},
	year				= {2008},
	editor				= {Wu, Tzong-Chen and Lei, Chin-Laung and Rijmen, Vincent and Lee, Der-Tsai},
	volume				= {5222},
	series				= {Lecture Notes in Computer Science},
	pages				= {47-63},
	doi					= {10.1007/978-3-540-85886-7_4},
	isbn				= {978-3-540-85884-3},
	keywords			= {Memory authentication; integrity tree; secure computing architecture},
	language			= {English},
	url					= {http://dx.doi.org/10.1007/978-3-540-85886-7_4}
}


% Clarke et al. 
% Security in Embedded Devices 
% 2003
% Incremental.Multiset.Hash.Functions.and.Their.Application.to.Memory.Integrity.Checking-Clarke-ASIACRYPT2003.pdf 
% 58 citations on 2015-06-19
@incollection{Clarke2003:MultisetHash,
	year				= {2003},
	isbn				= {978-3-540-20592-0},
	booktitle			= {Advances in Cryptology - ASIACRYPT 2003},
	volume				= {2894},
	series				= {Lecture Notes in Computer Science},
	editor				= {Laih, Chi-Sung},
	doi					= {10.1007/978-3-540-40061-5_12},
	title				= {Incremental Multiset Hash Functions and Their Application to Memory Integrity Checking},
	url					= {http://dx.doi.org/10.1007/978-3-540-40061-5_12},
	publisher			= {Springer Berlin Heidelberg},
	keywords			= {multiset hash functions; set-collision resistance; multiset-collision resistance; incremental cryptography; memory integrity checking},
	author				= {Clarke, Dwaine and Devadas, Srinivas and van Dijk, Marten and Gassend, Blaise and Suh, G.Edward},
	pages				= {188-207},
	language			= {English}
}

% Elbaz et al. 
% Security in Embedded Devices 
% 2005
% Hardware.Engines.for.Bus.Encryption.a.Survey.of.Existing.Techniques-Elbaz-DATE2005.pdf 
% 37 citations on 2014-08-27
@inproceedings{Elbaz2005:BusEncryption,
	author				= {Elbaz, R. and Torres, L. and Sassatelli, G. and Guillemin, P. and Anguille, C. and Buatois, C. and Rigaud, J.B.},
	booktitle			= {Design, Automation and Test in Europe, 2005. Proceedings},
	title				= {Hardware engines for bus encryption: a survey of existing techniques},
	year				= {2005},
	month				= {March},
	pages				= {40-45 Vol. 3},
	keywords			= {cryptography;data privacy;embedded systems;system buses;CPU;PDA;RAM;bus encryption;embedded devices;external memory;hardware engines;mobile phones;pay-TV;portable devices;processor-memory bus communications;Cryptography;Data security;Embedded system;Engines;Hardware;Mobile handsets;Personal digital assistants;Protection;Random access memory;Read-write memory},
	doi					= {10.1109/DATE.2005.170},
	ISSN				= {1530-1591},
}

% Elbaz et al. 
% Security in Embedded Devices 
% 2007
% TEC-Tree.A.Low-Cost,Parallelizable.Tree.for.Efficient.Defense.Against.Memory.Replay.Attacks-Elbaz-CHES2007.pdf 
% 40 citations on 2015-03-07
@incollection{Elbaz2007:TECTree,
	year				=	{2007},
	isbn				=	{978-3-540-74734-5},
	booktitle			=	{Cryptographic Hardware and Embedded Systems - CHES 2007},
	volume				=	{4727},
	series				=	{Lecture Notes in Computer Science},
	editor				=	{Paillier, Pascal and Verbauwhede, Ingrid},
	doi					=	{10.1007/978-3-540-74735-2_20},
	title				=	{TEC-Tree: A Low-Cost, Parallelizable Tree for Efficient Defense Against Memory Replay Attacks},
	url					=	{http://dx.doi.org/10.1007/978-3-540-74735-2_20},
	publisher			=	{Springer Berlin Heidelberg},
	keywords			=	{Memory Integrity; Replay Attacks; Physical Attacks; Tamper Evidence; Merkle Trees; Parallelizability; Confidentiality},
	author				=	{Elbaz, Reouven and Champagne, David and Lee, RubyB. and Torres, Lionel and Sassatelli, Gilles and Guillemin, Pierre},
	pages				=	{289-302},
	language			=	{English},
}

% Elbaz et al. 
% Security in Embedded Devices 
% 2009
% Hardware.Mechanisms.for.Memory.Authentication.A.Survey.of.Existing.Techniques.and.Engines-Elbaz-2009.pdf
% 35 citations on 2015-07-28
@incollection{Elbaz2009:Trees,
	author				= {Elbaz, Reouven and Champagne, David and Gebotys, Catherine and Lee, Ruby B. and Potlapally, Nachiketh and Torres, Lionel},
	chapter				= {Hardware Mechanisms for Memory Authentication: A Survey of Existing Techniques and Engines},
	title				= {Transactions on Computational Science IV},
	editor				= {Gavrilova, Marina L. and Tan, C. J. and Moreno, Edward David},
	year				= {2009},
	isbn				= {978-3-642-01003-3},
	pages				= {1--22},
	numpages			= {22},
	url					= {http://dx.doi.org/10.1007/978-3-642-01004-0_1},
	doi					= {10.1007/978-3-642-01004-0_1},
	acmid				= {1532755},
	publisher			= {Springer-Verlag},
	address				= {Berlin, Heidelberg},
	keywords			= {Active attacks, Board level attacks, Integrity Trees, Memory Authentication, Security, Trusted Computing},
}

% Gassend et al. 
% Security in Embedded Devices 
% 2003
% Cache.And.Hash.Trees.For.Efficient.Memory.Integrity.Verification-Gassend-HPCA2003.pdf
% 238 citations on 2015-03-07
@inproceedings{Gassend2003:CHTree, 
	author				=	{Gassend, B. and Suh, G.E. and Clarke, D. and van Dijk, M. and Devadas, S.}, 
	booktitle			=	{High-Performance Computer Architecture, 2003. HPCA-9 2003. Proceedings. The Ninth International Symposium on}, 
	title				=	{Caches and hash trees for efficient memory integrity verification}, 
	year				=	{2003}, 
	month				=	{Feb}, 
	pages				=	{295-306}, 
	keywords			=	{cache storage;memory architecture;performance evaluation;tree data structures;certified program execution;hardware cost;hash trees;high performance processor;memory integrity verification;on-processor L2 cache;untrusted external memory;Application software;Bandwidth;Computer science;Coprocessors;Costs;Hardware;Laboratories;Machinery;Protection;Security}, 
	doi					=	{10.1109/HPCA.2003.1183547}, 
	ISSN				=	{1530-0897},
}


% Gebotys
% Security in Embedded Devices 
% 2010
% Security.in.Embedded.Devices-Gebotys-2010.pdf
% 10 citations on 2013-11-03
@book{Gebotys2010:Security,
	title				= {Security in Embedded Devices},
	author				= {Gebotys, C.H.},
	isbn				= {9781441915306},
	lccn				= {2009939496},
	series				= {Embedded systems},
	url					= {http://books.google.com.br/books?id=XPsZAtGC\_V8C},
	year				= {2010},
	publisher			= {Springer}
} 



% Majzoobi et al.
% Security in Hardware
% 2008
% Testing.Techniques.for.Hardware.Security-Majzoobi-ITC2008.pdf 
% 72 citations on 2014-07-03
@inproceedings{Majzoobi2008:Security,
	author				= {Majzoobi, M. and Koushanfar, F and Potkonjak, M.}, 
	booktitle			= {Test Conference, 2008. ITC 2008. IEEE International}, 
	title				= {Testing Techniques for Hardware Security}, 
	year				= {2008}, 
	month				= {Oct}, 
	pages				= {1-10}, 
	keywordsi			= {data privacy;integrated circuit testing;nondestructive testing;IC security;hardware security testing technique;integrated circuits;nondestructive technique;physically unclonable functions;Circuit testing;Delay;Hardware;Integrated circuit manufacture;Integrated circuit testing;Power system security;Protocols;Research and development;Reverse engineering;System testing}, 
	doi					= {10.1109/TEST.2008.4700636}, 
	ISSN				= {1089-3539},
}

% Sadeghi et al.
% Security in Hardware
% 2010
% Towards.Hardware.Intrinsic.Security-Sadeghi-2010.pdf
% 35 citations on 2015-07-23
@book{Sadeghi2010:Security-PUFs,
	author				= {Sadeghi, Ahmad-Reza and Naccache, David},
	title				= {Towards Hardware-Intrinsic Security: Foundations and Practice},
	year				= {2010},
	isbn				= {3642144519, 9783642144516},
	edition				= {1st},
	publisher			= {Springer-Verlag New York, Inc.},
	address				= {New York, NY, USA},
} 

% Su et al.
% Security in Hardware
% 2009
% Hardware.Mechanism.and.Performance.Evaluation.of.Hierarchical.Page-Based.Memory.Bus.Protection-Su-DATE2009.pdf 
% 9 citations on 2015-06-19
@inproceedings{Su2009:SecBus,
	author				= {Lifeng Su and Courcambeck, S. and Guillemin, P. and Schwarz, C. and Pacalet, R.},
	booktitle			= {Design, Automation Test in Europe Conference Exhibition, 2009. DATE '09.},
	title				= {SecBus: Operating System controlled hierarchical page-based memory bus protection},
	year				= {2009},
	month				= {April},
	pages				= {570-573},
	keywords			= {cryptography;microprocessor chips;operating systems (computers);paged storage;system buses;CPU processor;SecBus;hardware cryptographic unit;internal system bus;memory controller;memory pages confidentiality;memory pages integrity;page-based memory bus protection;security context;trusted operating system;Application software;Computer architecture;Control systems;Cryptography;Hardware;Memory management;Operating systems;Protection;Security;System buses},
	doi					= {10.1109/DATE.2009.5090729},
	ISSN				= {1530-1591},
}


% Suh et al.
% Security in Hardware
% 2003
% AEGIS.Architecture.for.Tamper-Evident.and.Tamper-Resistant.Processing-Suh-ICS2003.pdf
% 355 citations on 2014-07-03
@inproceedings{Suh2003:AEGIS,
	author				= {Suh, G. Edward and Clarke, Dwaine and Gassend, Blaise and van Dijk, Marten and Devadas, Srinivas},
	title				= {AEGIS: Architecture for Tamper-evident and Tamper-resistant Processing},
	booktitle			= {Proceedings of the 17th Annual International Conference on Supercomputing},
	series				= {ICS '03},
	year				= {2003},
	isbn				= {1-58113-733-8},
	location			= {San Francisco, CA, USA},
	pages				= {160--171},
	numpages			= {12},
	url					= {http://doi.acm.org/10.1145/782814.782838},
	doi					= {10.1145/782814.782838},
	acmid				= {782838},
	publisher			= {ACM},
	address				= {New York, NY, USA},
	keywords			= {certified execution, secure processors, software licensing},
} 

% Suh et al.
% Security in Hardware
% 2003
% Efficient.Memory.Integrity.Verification.and.Encryption.for.Secure.Processors-Suh-MICRO2003.pdf
% 209 citations on 2015-06-19
@inproceedings{Suh2003:AEGISMultisetHash,
	author				= {Suh, G.E. and Clarke, D. and Gasend, B. and van Dijk, M. and Devadas, S.},
	booktitle			= {Microarchitecture, 2003. MICRO-36. Proceedings. 36th Annual IEEE/ACM International Symposium on},
	title				= {Efficient memory integrity verification and encryption for secure processors},
	year				= {2003},
	month				= {Dec},
	pages				= {339-350},
	keywords			= {cache storage;computer crime;cryptography;formal verification;memory architecture;commercial grid computing;digital rights managment;encryption;memory integrity verification;secure mobile agents;single-chip secure processors;software attacks;software copy-protection;Application software;Artificial intelligence;Computer science;Computer security;Cryptography;Grid computing;Hardware;Mobile agents;Read-write memory;Tellurium},
	doi					= {10.1109/MICRO.2003.1253207},
}


% Suh et al.
% Security in Hardware
% 2005
% Design.and.Implementation.of.the.AEGIS.Single-Chip.Secure.Processor.Using.Physical.Random.Functions-Suh-ISCA05.pdf
% 163 citations on 2014-08-07
@inproceedings{Suh2005:AEGISImplementation,
	author				= {Suh, G. Edward and O'Donnell, Charles W. and Sachdev, Ishan and Devadas, Srinivas},
	title				= {Design and Implementation of the AEGIS Single-Chip Secure Processor Using Physical Random Functions},
	booktitle			= {Proceedings of the 32Nd Annual International Symposium on Computer Architecture},
	series				= {ISCA '05},
	year				= {2005},
	isbn				= {0-7695-2270-X},
	pages				= {25--36},
	numpages			= {12},
	url					= {http://dx.doi.org/10.1109/ISCA.2005.22},
	doi					= {10.1109/ISCA.2005.22},
	acmid				= {1069974},
	publisher			= {IEEE Computer Society},
	address				= {Washington, DC, USA},
} 

% ================== Test and Reliability ================== %

% Appello et al. 
% Test and Reliability
% 2002
% A.BIST-based.solution.for.the.diagnosis.of.embedded.memories.adopting.image.processing.techniques-Appello-OLT2002.pdf
% 11 citations on 2015-03-24
@inproceedings{Appello2012:BIST, 
	author				= {Appello, D. and Fudoli, A. and Tancorre, V. and Corno, F. and Rebaudengo, M. and Reorda, M.S.}, 
	booktitle			= {Memory Technology, Design and Testing, 2002. (MTDT 2002). Proceedings of the 2002 IEEE International Workshop on}, 
	title				= {A BIST-based solution for the diagnosis of embedded memories adopting image processing techniques}, 
	year				= {2002}, 
	month				= {}, 
	pages				= {12-16}, 
	keywords			= {Hough transforms;automatic testing;built-in self test;fault diagnosis;image classification;integrated circuit testing;integrated memory circuits;logic testing;random-access storage;ATE test program;BIST;BIST-based solution;Hough transform;P1500 compliant solution;STMicroelectronics;data extraction flow scheduling;dedicated circuitry;diagnostic process;embedded RAMs;embedded memories;failure data;fault classification;faulty cells bitmap analysis;image processing techniques;multiple cores;scalable test data extraction;standard IEEE 1149.1 TAP;Acceleration;Built-in self-test;Circuit faults;Circuit testing;Costs;Data mining;Fault diagnosis;Image analysis;Image processing;Random access memory}, 
	doi					= {10.1109/MTDT.2002.1029757}, 
	ISSN				= {1087-4852},
}

% Kim et al. 
% Test and Reliability
% 1997
% Assessing.SRAM.Test.Coverage.for.Sub–Micron.CMOS.Technologies-Kim-VTS1997.pdf
% 8 citations on 2015-03-24
@inproceedings{Kim1997:AssessingSRAM, 
	author				= {Vonkyoung Kim and Chen, T.}, 
	booktitle			= {VLSI Test Symposium, 1997., 15th IEEE}, 
	title				= {Assessing SRAM test coverage for sub-micron CMOS technologies}, 
	year				= {1997}, 
	month				= {Apr}, 
	pages				= {24-30}, 
	keywords			= {CMOS memory circuits;SRAM chips;fault diagnosis;integrated circuit testing;probability;0.5 to 1 mum;SRAM test coverage assessment;coupling faults;data retention faults;functional fault class coverages;memory array;memory fault coverages;memory fault probability model;memory test algorithms;physical defects;stuck-at faults;stuck-open faults;submicron CMOS technologies;transition faults;CMOS process;CMOS technology;Data mining;Manufacturing;Predictive models;Probability distribution;Random access memory;SRAM chips;Semiconductor device modeling;Testing}, 
	doi					= {10.1109/VTEST.1997.599437}, 
	ISSN				= {1093-0167},
}

% Koeberl et al. 
% Test and Reliability
% 2013
% A.Spatial.Majority.Voting.Technique.to.Reduce.Error.Rate.of.Physically.Unclonable.Functions-Koeberl-INTRUST2013.pdf 
% 0 citations on 2016-01-25
@inproceedings{Koeberl2013:MajorityVoting,
	author				= {Koeberl, Patrick and Li, Jiangtao and Wu, Wei},
	title				= {A Spatial Majority Voting Technique to Reduce Error Rate of Physically Unclonable Functions},
	booktitle			= {Proceedings of the 5th International Conference on Trusted Systems - Volume 8292},
	series				= {INTRUST 2013},
	year				= {2013},
	isbn				= {978-3-319-03490-4},
	location			= {Graz, Austria},
	pages				= {36--52},
	numpages			= {17},
	url					= {http://dx.doi.org/10.1007/978-3-319-03491-1_3},
	doi					= {10.1007/978-3-319-03491-1_3},
	acmid				= {2694574},
	publisher			= {Springer-Verlag New York, Inc.},
	address				= {New York, NY, USA},
} 


% Maes et al.
% Test and Reliability
% 2009
% Low-Overhead.Implementation.of.a.Soft.Decision.Helper.Data.Algorithm.for.SRAM.PUFs-Maes-CHES2009.pdf
% 49 citations on 2015-02-28
@inproceedings{Maes2009:HelperDataSRAM, 
	author				= {Maes, R. and Tuyls, P. and Verbauwhede, I.}, 
	booktitle			= {Information Theory, 2009. ISIT 2009. IEEE International Symposium on}, 
	title				= {A soft decision helper data algorithm for SRAM PUFs}, 
	year				= {2009}, 
	month				= {June}, 
	pages				= {2101-2105}, 
	keywords			= {SRAM chips;cryptography;entropy;fuzzy systems;logic design;SRAM;cryptographic key generation;fuzzy secret minentropy;physically unclonable functions;soft decision helper data algorithm;soft decision information;Biometrics;Coatings;Counterfeiting;Cryptography;Data mining;Hardware;Humans;Information security;Manufacturing;Random access memory}, 
	doi					= {10.1109/ISIT.2009.5205263},
}

% Maes et al.
% Test and Reliability
% 2009
% Low-Overhead.Implementation.of.a.Soft.Decision.Helper.Data.Algorithm.for.SRAM.PUFs-Maes-CHES2009.pdf
% 76 citations on 2015-02-28
@inproceedings{Maes2009:ImplementationHelperDataSRAM, 
	author				= {Roel Maes and Pim Tuyls and Ingrid Verbauwhede},
	title				= {Low-Overhead Implementation of a Soft Decision Helper Data Algorithm for {SRAM} PUFs},
	booktitle			= {Cryptographic Hardware and Embedded Systems - {CHES} 2009, 11th International Workshop, Lausanne, Switzerland, September 6-9, 2009, Proceedings},
	pages				= {332--347},
	year				= {2009},
	url					= {http://dx.doi.org/10.1007/978-3-642-04138-9_24},
	doi					= {10.1007/978-3-642-04138-9_24},
	timestamp			= {Mon, 31 Aug 2009 14:45:37 +0200},
	biburl				= {http://dblp.uni-trier.de/rec/bib/conf/ches/MaesTV09},
	bibsource			= {dblp computer science bibliography, http://dblp.org}
}

% Selva et al.
% Test and Reliability
% 2004
% A.programmable.built-in.self-diagnosis.for.embedded.SRAM-Selva-MTDT2004.pdf
% 5 citations on 2015-02-28
@inproceedings{Selva2004:BIST,
	author				= {Selva, Carolina and Torelli, Cosimo and Rimondi, Danilo and Zappa, Rita and Corbani, Stefano and Mastrodomenico, Giovanni and Albani, Lara},
	title				= {A Programmable Built-in Self-Diagnosis for Embedded SRAM},
	booktitle			= {Proceedings of the Records of the 2004 International Workshop on Memory Technology, Design and Testing},
	series				= {MTDT '04},
	year				= {2004},
	isbn				= {0-7695-2193-2},
	pages				= {84--89},
	numpages			= {6},
	url					= {http://dl.acm.org/citation.cfm?id=1078036.1079747},
	acmid				= {1079747},
	publisher			= {IEEE Computer Society},
	address				= {Washington, DC, USA},
} 

% Thoziyoor et al.
% Test and Reliability
% 2008
% A.Comprehensive.Memory.Modeling.Tool.and.its.Application.to.the.Design.and.Analysis.of.Future.Memory.Hierarchies-Thoziyoor-ISCA2008.pdf
% 175 citations on 2016-01-25
@inproceedings{Thoziyoor2008:CACTI,
	author				= {Thoziyoor, Shyamkumar and Ahn, Jung Ho and Monchiero, Matteo and Brockman, Jay B. and Jouppi, Norman P.},
	title				= {A Comprehensive Memory Modeling Tool and Its Application to the Design and Analysis of Future Memory Hierarchies},
	booktitle			= {Proceedings of the 35th Annual International Symposium on Computer Architecture},
	series				= {ISCA '08},
	year				= {2008},
	isbn				= {978-0-7695-3174-8},
	pages				= {51--62},
	numpages			= {12},
	url					= {http://dx.doi.org/10.1109/ISCA.2008.16},
	doi					= {10.1109/ISCA.2008.16},
	acmid				= {1382127},
	publisher			= {IEEE Computer Society},
	address				= {Washington, DC, USA},
	keywords			= {LLC, CACTI, cache, SRAM, commodity DRAM, logic-process based DRAM},
}


% Becker
% Fuzzy Extractor
% 2017
% Robust.Fuzzy.Extractors.and.Helper.Data.Manipulation.Attacks.Revisited.Theory.vs.Practice-Becker-2017.pdf
% X citations on 2017-12-04
@article{Becker2017:RobustFuzzyExtractor,
        author                          = "G. T. Becker",
        journal                         = "IEEE Transactions on Dependable and Secure Computing",
        title                           = "Robust Fuzzy Extractors and Helper Data Manipulation Attacks Revisited: Theory vs Practice",
        year                            = "2017",
        volume                          = "PP",
        number                          = "99",
        pages                           = "1-1",
        keywords                        = "Biometrics (access control);Cryptography;Data mining;Decoding;Noise measurement;Robustness;Helper Data Manipulation Attacks;Physical Unclonable Functions (PUFs);Robust Fuzzy Extractor",
        doi                                     = "10.1109/TDSC.2017.2762675",
        ISSN                            = "1545-5971",
        month                           = "",
}

% Yu
% Fuzzy Extractor
% 2010
% Secure.and.Robust.Error.Correction.for.Physical.Unclonable.Functions-Yu-2010.pdf
% X citations on 2017-11-29
@article{Yu2010:RobustErrorCorrection,
        author                          = "Yu, Meng-Day (Mandel) and Devadas, Srinivas",
        title                           = "Secure and Robust Error Correction for Physical Unclonable Functions",
        journal                         = "IEEE Des. Test",
        date                            = "January 2010",
        volume                          = "27",
        number                          = "1",
        year                            = "2010",
        issn                            = "0740-7475",
        pages                           = "48--65",
        numpages                        = "18",
        url                                     = "http://dx.doi.org/10.1109/MDT.2010.25",
        doi                                     = "10.1109/MDT.2010.25",
        acmid                           = "1725005",
        publisher                       = "IEEE Computer Society Press",
        address                         = "Los Alamitos, CA, USA",
        keywords                        = "ECC, ECC, error correction, error-correcting code, index-based syndrome coding, key generation, physical unclonable function, syndrome coding, design and test, design and test, error correction, error-correcting code, index-based syndrome coding, key generation, physical unclonable function, syndrome coding",
}
